1377 2000
267 167 1018 86 CENSURA DEL R. P. ANTONIO CO-
329 236 957 64 dorniu de la Compañía de jesus, Maes-
331 300 960 71 tro que fue de Theologia, Examinador
332 362 957 75 Synodal de los Obispados de Gerona, Ur-
322 425 520 75 gel, y Barcelona, Oc.
278 551 1013 87 DE orden del Ilustre Señor Don Fran-
305 616 984 67 cisco Drechos, Canonigo, y Sacristan
276 675 1016 67 Dignidad de la Santa Iglesia de Gerona, y
279 742 1013 69 Vicario General por el Ilustrissimo Señor
280 800 1010 68 D. Balthasar de Bastero y lledo, Obispo
279 860 1015 67 de Gerona, del Consejo de su Magestad, & c.
280 923 1013 67 He visto un Librito, cuyo titulo es: Ins-
284 980 1014 72 truccion de Christiana, y Politica Cortesa-
285 1043 1012 68 nia, Oc. Su Author D. Fausto Agustin de
283 1106 1010 68 Buendia, Colegial que fue en el Imperial
281 1168 1014 71 de Cordellas, &c. Y brevemente digo,
284 1231 1013 70 no solo que nada contiene contra la Fe, y
283 1294 1014 70 buenas costumbres, sino que muy atento
286 1363 1012 57 el Author con entrambas, describe, y en-
293 1421 998 57 seña tan culta, y discreta la Virtud, co-
291 1481 1007 67 mo santa la Policia, y Urbanidad. Los
292 1541 1001 70 Señoritos, que se criaren con estos do-
291 1603 1010 69 cumentos, mereceran, quando hombres,
293 1666 1005 70 aver nacido Señores. Porque no solo sa-
293 1726 1013 132 bran ser Caballeros, sino tambien a lo
1103 1848 161 69 Caba-
