1135 2000
332 108 1120 187 guro disseño de su edad: la Reli-
333 179 1120 246 gion para con Dios en la devota
334 241 1119 300 assistencia a los Templos; la piedad
335 303 1123 356 con los Padres en la obediencia
330 365 1128 430 mas rendida; y la modestia, y de-
334 428 1119 488 seo de saber, con los mayores,
337 490 1116 553 gustando mas de oir, y pregun-
337 551 1119 614 tar, que de definir, y resolver. Bien
338 612 1126 679 que esto en vuestra infinita Sabi-
339 675 1122 735 duria fue soberana dignacion, y
339 737 1122 802 en la natural ignorancia de los
337 799 1125 858 Niños es indispensable necessi-
337 864 527 908 dad.
457 920 1131 978 Ni tienen solamente en Vos
338 983 1126 1043 el disseño, la luz, y el exemplo,
338 1047 1124 1104 sino tambien el amor, y protec-
340 1106 1133 1167 cion. Vos, como singular Maes-
340 1169 1131 1233 tro de los Niños, les dais enten-
322 1230 1128 1295 dimiento, y comunicais la sabi-
308 1291 1128 1351 duria. Vos les prometeis el Reyno
325 1352 1126 1412 de los Cielos, y os indignais con
343 1413 1131 1479 quien les aparta de Vos, y les
343 1476 1132 1540 proponeis por norma del can-
343 1538 1133 1598 dor, inocencia, y christiana hu-
331 1601 1133 1659 mildad. Vuestro amor parece que
346 1662 1131 1723 no pudo explicarse mas tierno, y
340 1726 1131 1782 liberal con los Niños, pues no
341 1782 1131 1851 contento de echarles vuestras di-
951 1845 1067 1899 divi-
