1405 2000
289 180 790 66 divinas bendiciones, les unisteis
290 244 788 59 a vuestro sagrado pecho con sua-
291 306 788 61 vissimos abrazos. Dichosa edad,
286 367 795 68 que os merecio tan regalados cariños!
288 429 151 47 Y pues en la celestial Jeru-
411 491 674 59 salen no ha mudado de condicion
290 553 789 46 vuestra Benignidad, proseguid,
290 615 791 63 o Niño tierno, y Dios Eterno,
291 674 790 61 proseguid en bendecirles, y favo-
294 737 790 61 recerles. Sean tan fervorosamen-
298 799 783 46 te devotos de vuestra Admirable
293 861 788 46 MADRE, que se porten como sus
293 922 787 61 hijos, y hermanos de leche con
295 985 786 56 Vos. Seran sabios, si fueren cas-
291 1044 790 65 tos; que no entra vuestra Sabi-
293 1108 791 62 duria, donde no ay mucha pure-
253 1168 830 62 za de conciencia. Crezcan en
293 1230 790 62 vuestro santo temor, y amor, co-
291 1292 791 59 como en los años, y mucho mas.
293 1356 788 61 Adelantense en la virtud, como
295 1417 788 53 en las letras, y mucho mas; has-
297 1476 786 64 ta que lleguen, por vuesetra imi-
296 1539 787 59 tacion, a ser varones perfectos,
296 1600 791 60 y consumados, agradables a
297 1661 793 63 vuestros ojos, y provechosos a
296 1723 793 61 la Republica, que libra casi to-
295 1785 795 60 da su felizidad en la acertada
296 1845 796 59 crian-
