1516 2000
409 331 812 92 Al
508 439 191 47 INFINITAMENTE AMABLE
837 433 279 68 NIÑO JESUS.
561 468 581 99 A Vos, Dulcissimo Niño
545 648 681 66 JESUS, que no solo os
413 697 810 142 dignasteis de llamaros
549 824 672 80 Doctor de los Niños,
575 897 648 51 sino también de assis-
409 961 817 54 tir como Niño entre los Doctores,
407 1023 819 64 se consagra humilde esta pequeña
406 1083 821 64 Instrucción de los Niños. Es assi,
408 1146 820 65 que ella también se dirige a la ju-
404 1210 825 62 ventud; pero a esta, como recuer-
395 1268 834 66 do de lo que aprendió, a los Ni-
407 1329 822 65 ños, como precisa explicacion de
404 1390 826 68 lo que deben estudiar. Por este so-
407 1455 820 68 lo titulo es muy vuestra; y por
409 1515 820 68 ser para Niños, que confiais a la
409 1578 819 64 educacion de vuestra Compañia,
407 1638 823 69 lo es mucho mas. En Vos, (Divi-
410 1701 821 68 no Exemplar de todas las virtu-
413 1762 819 70 des) tienen abreviado el mas se-
1062 1836 111 47 guro
