1405 2000
289 180 1079 246 divinas bendiciones, les unisteis
290 244 1078 303 a vuestro sagrado pecho con sua-
291 306 1079 367 vissimos abrazos. Dichosa edad,
286 367 1081 435 que os merecio tan regalados cariños!
288 429 439 476 Y pues en la celestial Jeru-
411 491 1085 550 salen no ha mudado de condicion
290 553 1079 599 vuestra Benignidad, proseguid,
290 615 1081 678 o Niño tierno, y Dios Eterno,
291 674 1081 735 proseguid en bendecirles, y favo-
294 737 1084 798 recerles. Sean tan fervorosamen-
298 799 1081 845 te devotos de vuestra Admirable
293 861 1081 907 MADRE, que se porten como sus
293 922 1080 983 hijos, y hermanos de leche con
295 985 1081 1041 Vos. Seran sabios, si fueren cas-
291 1044 1081 1109 tos; que no entra vuestra Sabi-
293 1108 1084 1170 duria, donde no ay mucha pure-
253 1168 1083 1230 za de conciencia. Crezcan en
293 1230 1083 1292 vuestro santo temor, y amor, co-
291 1292 1082 1351 como en los años, y mucho mas.
293 1356 1081 1417 Adelantense en la virtud, como
295 1417 1083 1470 en las letras, y mucho mas; has-
297 1476 1083 1540 ta que lleguen, por vuesetra imi-
296 1539 1083 1598 tacion, a ser varones perfectos,
296 1600 1087 1660 y consumados, agradables a
297 1661 1090 1724 vuestros ojos, y provechosos a
296 1723 1089 1784 la Republica, que libra casi to-
295 1785 1090 1845 da su felizidad en la acertada
296 1845 1092 1904 crian-
