1135 2000
332 108 788 79 guro disseño de su edad: la Reli-
333 179 787 67 gion para con Dios en la devota
334 241 785 59 assistencia a los Templos; la piedad
335 303 788 53 con los Padres en la obediencia
330 365 798 65 mas rendida; y la modestia, y de-
334 428 785 60 seo de saber, con los mayores,
337 490 779 63 gustando mas de oir, y pregun-
337 551 782 63 tar, que de definir, y resolver. Bien
338 612 788 67 que esto en vuestra infinita Sabi-
339 675 783 60 duria fue soberana dignacion, y
339 737 783 65 en la natural ignorancia de los
337 799 788 59 Niños es indispensable necessi-
337 864 190 44 dad.
457 920 674 58 Ni tienen solamente en Vos
338 983 788 60 el disseño, la luz, y el exemplo,
338 1047 786 57 sino tambien el amor, y protec-
340 1106 793 61 cion. Vos, como singular Maes-
340 1169 791 64 tro de los Niños, les dais enten-
322 1230 806 65 dimiento, y comunicais la sabi-
308 1291 820 60 duria. Vos les prometeis el Reyno
325 1352 801 60 de los Cielos, y os indignais con
343 1413 788 66 quien les aparta de Vos, y les
343 1476 789 64 proponeis por norma del can-
343 1538 790 60 dor, inocencia, y christiana hu-
331 1601 802 58 mildad. Vuestro amor parece que
346 1662 785 61 no pudo explicarse mas tierno, y
340 1726 791 56 liberal con los Niños, pues no
341 1782 790 69 contento de echarles vuestras di-
951 1845 116 54 divi-
