1339 1999
123 62 367 92 CENSURA DE
395 65 614 97 PEDRO DE VALENCIA CORONISTA
175 88 495 134 General de el Rey nuestro
106 94 613 162 Señor.
1021 65 1193 93 POr mandado del Consejo Supremo de Castilla, he visto el libro in-
1065 93 1201 135 titulado, Tesoro de la lengua Castellana, que compuso el Licen-
1010 134 1203 161 ciado Don Sebastian de Covarruvias y Orozco, Canonigo, y Maesses-
198 189 272 215 cuela de la Iglesia de Cuenca, Consultor de el Santo Oficio de la Inquisi-
539 188 1208 224 cion, y Capellan de su Magestad, y no he allado en el cosa contraria a
85 190 1208 255 la Fe, ni a las buenas costumbres; antes tiene muchas muy utiles, y esta lle-
84 193 198 225 no de varia, y curiosa leccion, y doctrina. Por lo qual, y por la autoridad,
353 258 933 326 y erudicion de la persona del Autor, tan conocida, y estimada en todas par-
590 326 730 386 tes, y porque de materia semejante han escrito en cada lengua, y nacion
87 435 1215 485 politica, varones muy graves, y doctos, y por ser conveniente que de la
99 468 158 510 propiedad, pureza, y elegancia de una lengua se escriva en el tiempo que
86 487 1217 536 ella mas florece, me parece se debe dar la licencia, y privilegio que se pide pa-
86 534 1220 586 ra imprimirlo. En Madrid a tres dias del mes de Mayo de 1610.
83 582 1221 632 Pedro de Valencia
86 630 1220 680 CAR
