1339 1999
123 62 244 30 CENSURA DE
395 65 219 32 PEDRO DE VALENCIA CORONISTA
175 88 320 46 General de el Rey nuestro
106 94 507 68 Señor.
1021 65 172 28 POr mandado del Consejo Supremo de Castilla, he visto el libro in-
1065 93 136 42 titulado, Tesoro de la lengua Castellana, que compuso el Licen-
1010 134 193 27 ciado Don Sebastian de Covarruvias y Orozco, Canonigo, y Maesses-
198 189 74 26 cuela de la Iglesia de Cuenca, Consultor de el Santo Oficio de la Inquisi-
539 188 669 36 cion, y Capellan de su Magestad, y no he allado en el cosa contraria a
85 190 1123 65 la Fe, ni a las buenas costumbres; antes tiene muchas muy utiles, y esta lle-
84 193 114 32 no de varia, y curiosa leccion, y doctrina. Por lo qual, y por la autoridad,
353 258 580 68 y erudicion de la persona del Autor, tan conocida, y estimada en todas par-
590 326 140 60 tes, y porque de materia semejante han escrito en cada lengua, y nacion
87 435 1128 50 politica, varones muy graves, y doctos, y por ser conveniente que de la
99 468 59 42 propiedad, pureza, y elegancia de una lengua se escriva en el tiempo que
86 487 1131 49 ella mas florece, me parece se debe dar la licencia, y privilegio que se pide pa-
86 534 1134 52 ra imprimirlo. En Madrid a tres dias del mes de Mayo de 1610.
83 582 1138 50 Pedro de Valencia
86 630 1134 50 CAR
