1339 1999
70 72 1208 109 Conocimiento de las cosas depende del de los vocablos, el que ayuda a esta, ayuda mucho a todas
69 106 1207 140 las ciencias: y assi los grandes Filosofos antiguos trabajaron mucho en esta parte, como fue Platon
68 134 1204 172 en su Dialogo Cratilo, que oy en dia leemos, a cuya imitacion los Latinos trataron esta facultad,
67 164 1207 204 aunque con mayores ayudas que los Griegos, por tener mas conocidos los manantiales de su lengua-
60 198 1206 236 ge, el qual casi todo es Griego, aunque Marco Vatron en los libros qu eescrivio en lengua Latina
74 227 1208 262 a Ciceron, quiso huir el cuerpo desto, pretendiendo hazer creer que la lengua Latina tenia voca-
63 258 1207 295 blos propios, no tomados de otra, y esto pretendiendo autorizar su lenguaje, siendo cosa cierta, que
71 289 1207 323 el lo sabia mejor que otro ninguno, pues era el mas docto hombre de todos los mortales que no te-
63 319 1209 358 nia la lengua Latina vocablo ninguno propio suyo: y echasele de ver que quiso engañar, pues en al-
69 350 1208 389 gunas Etymologias que quiso deduzir de los vocablos que el fingio ser originariamente Latinos, no
70 380 1212 420 pudo encubrir el engaño, como quando dixo que Pater se deduzia del verbo Patrare, que no igno-
73 413 1213 451 rava el que Pater es vocablo puramente Griego, del qual se derivava el verbo Patrare, y todos los
72 443 1212 479 demás que tienen esse origen. Y aunque en su tiempo no pudo engañar a los hombres que sabian tan-
72 474 1213 509 to del lenguaje Latino, engaño en los venideros a muchos: y assi el bienaventurado San Isidoro, que
74 505 1214 539 en sus Etymologias mezclo muchos de los vocablos Latinos, dio ocasión a al irrisiori de los no tan
74 533 1216 573 pios, y a que su grande autoridad se enflaqueciesse por esse camino, acerca de los Criticos rigurosos
74 566 1214 599 de nuestros tiempos dexo a parte las ridiculas Etymologias de los Gramaticos ignorantes de la len-
76 597 1216 634 gua Griega, que no sirven de otra cosa, sino de causar risa a los que la saben, como dezir que el voca-
76 626 1218 660 blo Purus desciende de pus puris, y que por antiphrasi, q es otra gentil patraña suya, se dize purum,
78 658 1216 695 quod caret pure, que no tiene podre, siendo manifiesto, que purus se dize del Griego piro, piros, que
78 690 1217 721 es el fuego, cuerpo mas puro de quantos la taturaleza hizo; seria nunca acabar tratar esta materia.
78 719 1216 751 Entendido han en la correccion destos errores los mayores hombres de nuestros tiempos: Nicolao
76 750 1219 784 Peroto en su Cornucopia abrio mucho el camino para esto, Julio Cesar, Scaligero en su libro de cau-
78 780 1219 813 sis linguae Latina, y su hijo Josepho Scaligero, el Principe de los humanistas de nuestro tiempo, cor-
79 812 1220 846 rigio los engaños de Marco Varron en los Coniectaneos que hizo sobre su libro: y todos quantos
79 841 1221 875 han escrito libros Criticos en nuestros tiempos, han procurado adornarlos con verdaderas, y doctas
80 873 1228 906 Etymologias: dexo a parte el libro que agora escrivio Ivan Fungero de Etymologyas, que este bien
81 904 1221 937 se que no contentara a v. m. pero con todo esso es de tan grande utilidad el conocimiento de las ety-
84 935 1221 967 mologias, que aun hasta las falsas se han de estimar, porque ocasionan a la Inquisicion, y investiga-
84 966 1232 999 cion de las verdaderas, porque estas demas de que dan conocimiento de la verdadera grincacion
85 997 1224 1027 de los vocablos, desengañan de dos errores muy assentados en la ignorancia de los iergllages, pro-
83 1025 1223 1060 bando evidentemente lo contrario dellos; y enseñando lo uno que no es possible, que en un mismo
86 1057 1231 1095 lenguaje aya vocablo que signifique dos coiss igualmente y lo otro, que es impossible que aya dos
85 1089 1225 1121 o mas vocablos que igualmente signifiquen una cosa. Lo primero es cosa evidente, porque en los vo-
87 1119 1225 1150 cablos sucede lo mismo que en los instrumentos del servicio humano, en los que ies ay uso, que es el
88 1150 1230 1183 fin para que se hizieron, y ay abuso; que es los fines a que los hombres por ienelirza los apocan;
89 1179 1225 1214 como un cuchillo solo se hizo para cortar, pero clavandole en un madero, y colgando algo del, sir-
90 1212 1227 1242 ve de clavo: no por uso propio, sino por abuso del que se sirve del, por la semejanza que tiene en la lar-
90 1241 1151 1274 gueza, dureza, y agudeza. Ni mas, ni menos es en los vocablos aquella acepcion de la Etymologia
1154 1246 1227 1267 dellos es la verdadera, y assi a la Etymologia llamo Ciceron al pie de la letra en los Topicos verilo-
90 1271 1227 1303 quium, el mejor vocablo que el en su vida traduxo al proposito; y no quisiera que se huviera arrepen-
90 1303 1228 1336 tido; y parecidole mal, pues la acepcion del vocablo en su propia Etymologia es la verdadera signi-
92 1332 1229 1369 ficacion del. Las demas no son propias, sino aplicadas por Tropos, y particularmente por las cinco
92 1365 1238 1396 especies de la Metonymia, que son las que hazen todo este juego, del que llamamos abuso de los vo-
93 1392 1230 1429 cablos, y la metafora que enriqueze todos los lenguages del mundo, y particularmente el nuestro,
93 1424 1227 1458 cuya elegancia, y sutileza descubrira este libro de v. m.  porque no puede conocerse la metafora, o
93 1453 1228 1489 traslacion, sin que se sepa por la Etymologia la propia significacion del vocablo. El segundo error
94 1485 1230 1518 es creer que ay dos, o mas vocablos, que sifnifiquen una cosa misma, y este esta mas assentado que el
95 1517 1230 1553 passado, y calificado con titulo de elegancia, aviendo muchos libros de los que falsamente llaman
95 1545 1230 1583 Synonymos, poniendo todos los vocablos que dizen significar una cosa misma, siendo cierto, que ni
97 1579 1232 1612 estos son Synonymos, aunque signifiquen una cosa misma, ni la pueden significar propiamente, como
96 1609 1237 1641 en los instrumentos que deziamos de los hombres, no puede aver dos diferentes, que hagan el mismo
96 1642 1232 1674 oficio de la mesma manera: como el cuchillo; y las tixeras, se hizieron ambos para cortar, pero no
97 1672 1232 1700 cortan de una misma manera, ni en todas las cosas el uso del uno se puede sacar del otro: y assi es en los vocablos, como dezimos en Latin conteauno, y despicio por despreciar, pero mirando la propia
98 1703 1232 1731 significacion de cada uno por la Etymologia, vemos que son muy diferentes, y por el mismo caso
98 1733 1233 1763 que los Autores Antiguos los juntan, aviamos de entender que son muy diferentes en la significa-
98 1763 1233 1797 cion, pues a no serlo, fuera una intolerable Batologia. Estas son las grandes utilidades del conoci-
98 1795 1234 1826 miento de las Etymologias, demas de ser a mi parecer el mayor gusto de los buenos ingenios, como
100 1826 1235 1858 de conocer las cosas por sus causas, entender los vocablos por las suyas, con el qual estudio se adquie
98 1856 1243 1890 re
