1339 1999
603 181 844 211 CARTA DE EL
949 181 1085 207 LICENCIADO DON BALTASAR
884 186 918 200 SEBASTIAN NAVARRO DE ARROYTA, COLEGIAL DEL
524 185 603 215 Colegio de San Salvador de Oviedo, el mayor de Salamanca, Sacristan
339 188 481 215 mayor, y Canonigo de la santa Catedral Iglesia
115 189 339 215 de la Ciudad de Teruel, al Autor
891 193 979 220 deste libro.
1026 193 1208 220 QUANDO En Madrid bese a v. m. las manos, demas del contento que siempre recibo
113 199 1221 241 de hazerlo, y de cumplir con las obligaciones generales, y particulares, que a la per-
204 204 348 225 sonade v. m. tengo ver me holgue grandemente de, la primera parte del libro q v. m. ha
436 199 493 223 tantos años que trabaja, y ha comenzado a imprimir: porque teniendo yo opinion de
735 252 859 270 que desta obra se ha de seguir gran utilidad, y honor a la nacion Española, estoy muy contento de
508 250 645 272 que esto proceda de persona que tanto me toca, peus es notorio el Deudo que v. m. tiene con la an-
113 253 1224 293 tigua, y noble casa de Valero, de donde yo tengo la decendencia, y es tambien notorio ser v. m.
1099 255 1213 271 sobrino de los dos mas insignes varones que ha tenido nuestro siglo en letras, criados ambos en esta
1001 254 1047 270 santa casa de San Salvador de Oviedo. El primero el gran Diego de Covarruvias, que basta dezir
113 259 202 282 su nombre, para que en todo el mundo se entienda lo que merecio, y valio, el hombre mayor en el
212 260 293 277 conocimiento de las letras humanas, y divinas, que ha tenido España, el que las naciones estran-
111 300 1225 347 geras llaman el Bartulo Español, gran Prelado, exemplo de los que tienen la suprema autoridad Episcopal, gran Presidente del Real Consejo de Castilla, por cuyas pisadas han caminado todos
653 346 692 369 los que han deseado mucho cumplir con las obligaciones de aquel oficio, de cuyas obras no ten-
294 348 1043 398 go para que hablar, pues son tan conocidas, y celebradas en el mundo. De lo que puedo ser testigo
765 355 811 369 de vista, es que en este Colegio mayor de Oviedo esta la joya que mas estimo en la vida, que es su
868 348 915 370 librería, con que ser de las mas copiosas que ay en España, y de todo genero de facultades, no ay
422 394 925 445 libro ninguno en ella que no este todo glossado de su mano, cosa que como admira a todos, puede
668 396 746 418 enseñar a los de nuestro siglo a ser estudiantes como lo han de ser, pues en el golfo de los negocios, y gobierno del mundo, jamas se descuydo de passar, y estudiar sus libros. El otro deudo nuestro,
594 442 798 477 y tio de v. m. fue el señor don Antonio de Covarruvias, hermano suyo, primero del Consejo Real
632 444 668 466 de Castilla, y despues Canonigo, y Maestrescuela de la Santa Iglesia de Toledo, donde murio con
163 543 1227 587 universal sentimiento de todos los hombres doctos: porque aunque no se aplicó a escribir como su
197 579 1227 613 hermano, fue opinion muy cierta de todos que lo pudiera hazer tambien como el. Fue el oraculo
185 610 1228 645 de todos los hombres doctos de todas las facultades, a los quales aunque avia perdido totalmente
186 640 1228 674 el sentido del oido, hablava a cada uno en la suya cosas tan exquisitas, que ninguno se apartava
112 672 1228 708 del, sin grandissima admiracion: pero particularmente los que professavan letras humanas, le te-
111 702 1255 739 nian por milagro en ellas, por el grande conocimiento, y nunca visto en hombre Español de la
112 732 1228 768 lengua Griega, y Latina, y admirable gracia, y don en la facultad Poetica. Estos ilustres varones
112 763 1228 796 salieron deste Colegio, de donde avia salido aquel varon nunca acabado de alabar, el Doctor
111 793 1228 826 Martin Azpilcueta Navarro, nobilissimo en sangre, santissimo en costumbres, y admirable en
112 825 1227 859 erudicion, cuyas obras han merecido la mayor aprobacion que las de ningun hombre de nuestro
112 855 1228 885 siglo. Las pisadas destos tales tres varones impressas en este Colegio, mueven mucho a los que en
111 886 1229 922 el estamos a la imitacion dellos, y a toda España a reconocer la deuda grande, que a esta santa casa
113 915 1230 953 tiene, por averselos criado, y dado, sin otros infinitos que en su tanto la han honrado mucho.
112 947 1230 982 Prendas son estas señor, para que yo estime tal deudo, quando v. m. por su persona no me diera
113 977 1230 1014 tantas, y tan grandes causas de estima: pero desta materia no es sujeto capaz una carta, y assi vengo
112 1008 1230 1043 a la obra de v. m. la qual creo que emprendio v. m. con zelo grande de la utilidad, y honra de España, aviendo v. m. embiado como Precursor della el ingeniosissimo libro de los Emblemas, que ha
113 1038 1230 1074 dado bien a entender el ingenio, y erudicion de v. m. y esta obra de las Etymologias ha de dar no-
113 1069 1232 1108 ticia a los estrangeros del lenguaje Español, y de su propiedad, y elegancia, que es muy gran honor
110 1101 1231 1135 de la nacion Española: pero lo que es mas de estimar, y demas rara utilidad, es que dara v. m.
113 1130 1233 1171 con el noticia a los Españoles de su propio lenguage, porque es impossible que se tenga
115 1161 1234 1191 cumplida de ninguno sin el conocimiento de las Etymologias: y como la mayor parte del
113 1192 1234 1228 co-
