1324 2000
153 80 1177 148 dia de la fecha desta nuestra cedula podais
158 146 1173 214 imprimir el dicho libro que de suso se ha-
153 212 1172 276 ze mencion por el original que en el nuestro
153 275 1166 340 Consejo se vio que va rubricado y firmado
154 339 1168 388 al fin de Pedro del Marmol nuestro escri-
153 401 1166 469 vano de camara de los que residen en el
151 470 1169 533 nuestro Consejo, con que antes que se ven-
155 532 1165 597 da le traygays ante ellos jusntamente con
157 595 1168 663 el dicho original para q se vea si la dicha
154 660 1181 734 impression esta conforme a el, y traygays
153 725 1169 791 fee en publica forma como por corrector
154 789 1169 855 nombrado por nuestro mandado se vio y
153 854 1168 921 corrigio la dicha impression por el origi-
153 916 1182 983 nal: y mandamos al impressor que ansi im-
154 982 1181 1048 primiere el dicho libro no imprima el prin
158 1046 1183 1112 cipio ni el primero pliego del, ni entregue
155 1110 1166 1175 mas de un sol olibro con el original al au-
155 1175 1185 1239 tor, o persona a cuya costa le imprimie-
152 1238 1182 1304 re, ni a otra alguna para efecto de la di-
156 1301 1164 1373 cha correccion y tassa cierta que antes
150 1368 1180 1431 y primero el dicho libro este corregido y
151 1431 1182 1497 tassado por los del nuestro Consejo, y es-
153 1494 1183 1561 tando fecho y no de otra manera pueda
151 1559 1161 1626 imprimir el dicho principio y primer plie
153 1622 1156 1690 go, en el qual seguidamente ponga esta
147 1688 1156 1753 nuestra cedula, licencia y privilegio, y la
151 1755 1157 1824 aprovacion, tassa y erratas, so pena de
965 1823 1163 1879 caer
