1351 2000
322 453 478 507 POR quanto por parte de
157 500 481 593 vos fray Ivan Benito Guar
554 226 1153 298 diola monje professo de
551 295 1143 358 la orden de S. Benito, nos
552 350 1141 424 fue fecha relacion q vos
554 426 1142 488 aviais compuesto un libro
553 487 1142 554 intitulado Tratado de
556 552 1152 620 nobleza y de los titulos y dictados que oy
516 615 1144 687 dia tienen los varones claros y grandes de
111 678 1138 747 España, el qual era muy util y provechoso,
115 744 1137 811 y para lo hazer aviais trabajado mucho, a-
118 810 1138 879 tento lo qual nos suplicastes lo mandassemos
116 875 1138 944 ver y daros licencia y privilegio para le im
114 935 1138 1007 primir por el tiempo q fuessemos servido, o
83 1005 1139 1072 como la nuestra merced fuesse: lo qual vis-
117 1068 1138 1139 to por los del nro consejo, y como por su
117 1132 1140 1202 mandado se hizieron las diligencias de la
113 1199 1138 1271 pragmatica por nos hecha sobre la impres
118 1256 1153 1331 sion de los libros dispone, fue acordado que
120 1327 1154 1399 deviamos de mandar dar esta nuestra cedula
119 1391 1155 1460 para vos en la dicha razon, y nos tuvimoslo
121 1454 1156 1530 por bien: y por la presente por os hazer bien
122 1521 1152 1595 y merced vos damos licencia y facultad pa
123 1585 1153 1661 ra q por tiempo de diez años primeros si-
123 1649 1218 1723 guientes que corren y se cuentan desde el
124 1715 1161 1790 dia
