1351 2000
322 453 156 54 POR quanto por parte de
157 500 324 93 vos fray Ivan Benito Guar
554 226 599 72 diola monje professo de
551 295 592 63 la orden de S. Benito, nos
552 350 589 74 fue fecha relacion q vos
554 426 588 62 aviais compuesto un libro
553 487 589 67 intitulado Tratado de
556 552 596 68 nobleza y de los titulos y dictados que oy
516 615 628 72 dia tienen los varones claros y grandes de
111 678 1027 69 España, el qual era muy util y provechoso,
115 744 1022 67 y para lo hazer aviais trabajado mucho, a-
118 810 1020 69 tento lo qual nos suplicastes lo mandassemos
116 875 1022 69 ver y daros licencia y privilegio para le im
114 935 1024 72 primir por el tiempo q fuessemos servido, o
83 1005 1056 67 como la nuestra merced fuesse: lo qual vis-
117 1068 1021 71 to por los del nro consejo, y como por su
117 1132 1023 70 mandado se hizieron las diligencias de la
113 1199 1025 72 pragmatica por nos hecha sobre la impres
118 1256 1035 75 sion de los libros dispone, fue acordado que
120 1327 1034 72 deviamos de mandar dar esta nuestra cedula
119 1391 1036 69 para vos en la dicha razon, y nos tuvimoslo
121 1454 1035 76 por bien: y por la presente por os hazer bien
122 1521 1030 74 y merced vos damos licencia y facultad pa
123 1585 1030 76 ra q por tiempo de diez años primeros si-
123 1649 1095 74 guientes que corren y se cuentan desde el
124 1715 1037 75 dia
