1351 2000
93 163 1035 71 caer e incurrir en las penas contenidas en
105 234 1025 67 la dicha pragmatica e leyes de nuestros
91 299 1039 66 Reynos. Y mandamos que durante el di-
87 363 1043 68 cho tiempo persona alguna sin vuestra li-
89 430 1034 65 cencia no lo pueda imprimir ni vender so
100 494 1023 68 pena que el que lo imprimiere aya perdido
102 557 1024 69 y pierda todos y qualesquier libros, mol-
105 622 1019 69 des y aparejos que de los dichos libros tu
103 687 1021 68 viere, y mas incurra en pena de cinquenta
95 752 1029 67 mil maravedis por cada vez aue lo contra-
84 816 1040 67 rio hiziere, la qual dicha pena sea la tercia
95 880 1028 70 parte para el juez que lo sentenciare, y la
99 944 1022 67 otra tercia parte para la persona que lo
101 1009 1015 66 denunciare, y la otra tercia parte para la
96 1074 1021 50 nuestra camara. Y mandamos a los del nue
92 1137 1022 65 stro Consejo Presidentes y Oydores de las
90 1202 1046 65 nras Audiencias Alcaldes, alguaziles de la
91 1267 1021 65 nuestra casa, Corte chancillerias, y a todos
89 1333 1024 63 los Corregidores, Assistente, Governado-
90 1398 1021 62 res, Alcaldes mayores y ordinarios, y otros
94 1461 1017 66 juezes y justicias qualesquier de todas las
95 1523 1015 70 ciudades, villas y lugares de los nros Rey-
91 1589 1017 69 nos y Señorios, ansi a los q agora son, co-
95 1655 1013 69 mo a los que seran de aquí adelante q vos
98 1720 1011 66 guarden y cumplan esta nuestra cedula
95 1785 1011 67 y merced que ansi vos hazemos, y contra
95 1849 1010 71 el tenor y forma della, y de lo en ella conte
999 1918 110 60 nido
