1324 2000
153 80 1024 68 dia de la fecha desta nuestra cedula podais
158 146 1015 68 imprimir el dicho libro que de suso se ha-
153 212 1019 64 ze mencion por el original que en el nuestro
153 275 1013 65 Consejo se vio que va rubricado y firmado
154 339 1014 49 al fin de Pedro del Marmol nuestro escri-
153 401 1013 68 vano de camara de los que residen en el
151 470 1018 63 nuestro Consejo, con que antes que se ven-
155 532 1010 65 da le traygays ante ellos jusntamente con
157 595 1011 68 el dicho original para q se vea si la dicha
154 660 1027 74 impression esta conforme a el, y traygays
153 725 1016 66 fee en publica forma como por corrector
154 789 1015 66 nombrado por nuestro mandado se vio y
153 854 1015 67 corrigio la dicha impression por el origi-
153 916 1029 67 nal: y mandamos al impressor que ansi im-
154 982 1027 66 primiere el dicho libro no imprima el prin
158 1046 1025 66 cipio ni el primero pliego del, ni entregue
155 1110 1011 65 mas de un sol olibro con el original al au-
155 1175 1030 64 tor, o persona a cuya costa le imprimie-
152 1238 1030 66 re, ni a otra alguna para efecto de la di-
156 1301 1008 72 cha correccion y tassa cierta que antes
150 1368 1030 63 y primero el dicho libro este corregido y
151 1431 1031 66 tassado por los del nuestro Consejo, y es-
153 1494 1030 67 tando fecho y no de otra manera pueda
151 1559 1010 67 imprimir el dicho principio y primer plie
153 1622 1003 68 go, en el qual seguidamente ponga esta
147 1688 1009 65 nuestra cedula, licencia y privilegio, y la
151 1755 1006 69 aprovacion, tassa y erratas, so pena de
965 1823 198 56 caer
