1337 2000
284 154 870 63 ca de Caycedo su hija, donzella noble y honesta, a
285 204 861 55 que concedielle en su voluntad, y para esto, y violar su
284 252 857 56 castidad, aver quebrantado su casa, siendo de muy luci-
283 299 859 57 da nobleza y calidad, entrando en ella denoche a des-
285 346 857 61 hora con llaves falsas, y otras vezes por las ventanas, y
286 389 857 61 texados, y otras sacandola de su casa, y llevandola a o-
285 445 855 51 tras para el mismo efeto, y sintiendola preñada dadole
287 492 852 52 recetas de bevidas para q abortasse. Y sobre todo, avien
285 537 851 54 do llegado a noticia de doña Catalina y su marido la
284 583 850 57 dicha deshonra, y tratando de remedialla con secreto,
281 631 850 63 el dicho don Antonio por mas injurialles dixo por un
280 677 853 58 villete al mismo Marco Antonio, que no queria casar-
278 725 853 58 se con su hija, y que estava arrepentido de auello dicho.
277 770 861 65 Y ultimamente para impedille el reparo de tantos a-
272 816 855 73 gravios le quito la vida, passandole de una estocada, de
1099 827 37 19 que murio luego sin consession en la calle.
270 863 754 59 Y por aver pocos dias que se vio este pleyto, y estar
307 910 818 65 fresca la memoria de la provança de los dichos delitos,
258 956 866 58 en que no quedo duda, se tratara solamente en este pa-
257 1006 864 61 pel.
258 1049 62 43 Que doña Catalina es parte legitima para lo que
284 1092 834 64 pide, demas del señor Fiscal.
259 1142 491 50 Y de la pena que se deve imponer por los dichos de-
301 1187 815 63 litos.
259 1232 110 33 Y que no son ciertas las escusas con que el reo se pre
306 1274 805 60 tende evadir.
206 1326 261 33 Legitimacion de la persona de doña Catalina.
256 1419 855 54 En primer lugar hizo fuerça el Abogado contrario
253 1494 857 65 a la vista en querer fundar, que para acusar la muer-
250 1554 857 49 te del marido, se han de preferir los hijos a la viuda, o
253 1599 850 51 alomenos concurrir con ella: y que de aqui infirio, que pues
252 1643 848 51 de los dos hijos que quedaron de Marco – Antonio de
251 1688 847 49 Caycedo el varon (que esta fuera del Reyno sirviendo a
242 1736 855 51 su
