1500 2000
408 34 1001 113 Artículo primero
466 36 685 74 3. Aunque es regular en estos delitos venéreos la
249 140 1235 219 prueba por presunciones, ex responso Pontifi-
310 205 1232 266 cis in cap. literis 12. de presumpt. … incap. Proterea de
255 255 1232 324 testib us cum notatis ibidem per Canonitas, …Bart in
258 316 1232 377 1.2…num.3.ff.ad l Iul de adult. Está sin embargo
257 371 1232 433 la adultera tan convencida de su delito, que más se pue
262 426 1227 485 de decir (vt evidens aparebit) que consta del phisica y
259 481 1224 540 realmente, que no por presunciones, y tan sin tergi-
268 538 1224 593 versación, que cualquiera de esta prueba es suficiente
262 591 1223 646 para la condenación de ambos efectos ordinarios civil,
267 642 1221 705 y criminal.
267 695 525 757 4. Comenzando por la phisica, y verdadera, no pa-
273 747 1217 806 rece se puede poner duda en ella: porque consta por su
265 801 1216 858 propia confesión de la adultera, ad text. in cap penult.
270 854 1215 907 de adult. in eis verbis: Vel per evidentiamrei, vel per
274 906 1216 961 confesionem legitimam mulieris plur a per Farinac de
267 957 1217 1018 confes quest. 81. cap 1. num.28.
267 1009 870 1063 5. Está reiterada esta confesión en muchas cartas
268 1057 1212 1115 que escribió la adultera a su amante de quibus in proces-
267 1110 1210 1163 su. En las cuales manifiesta el trato ilícito que con él
264 1162 1208 1220 había tenido, y tenía, significándole la perseverancia de
259 1213 1211 1266 su torpe afecto, y la fineza con que le amaba, y el temor
270 1264 1215 1317 que tenia de que se descubriese este delito, por haberse
272 1313 1215 1371 conocido señales de sospecha en algunos criados con o
269 1367 1217 1426 parece de sus palabras, que traducidas en castellano so-
271 1419 1219 1479 nan en frecuencia: Querido mío, por las señas que me hi-
268 1473 1218 1532 ciste ayer por la mañana, como también por dar cobro
584 1512 677 1534 al que va con este, envié a la fiel al puesto al las cuatro,
269 1525 1219 1588 y allí estuvo hasta las cinco, y después la dicha fiel me
266 1577 1219 1641 refirió al tiro que hizo Jacome, que luego que dieron las
264 1631 1224 1697 cuatro abrieron una ventana en el dicho aposento de
261 1685 1225 1757 Jacome, y estuvo abierta hasta las cinco, y después la oyó
258 1739 1227 1813 cerrar. Digo mi bien, que estos quieren hacer nuevos
258 1792 1225 1866 pla-
