1500 2000
177 46 245 99 14	Otra carta de pago otorgada ante el dicho
140 1942 178 1979 Escriuano, en 19. de Enero de 1640. por Iacinto
479 113 1307 174 Gomez, en que confiessa auer recibido de su padre 9?
468 168 1305 224 333. reales, que le tocan, como a vno de tres here-
467 215 1309 273 deros de doña Beatriz de Silua su madre de su par-
472 266 1305 324 te, de la dote que lleuó al matrimonio. Y ratifica
466 318 1298 368 las dos cartas de pago, que antes desta tenia otor-
470 369 1298 428 gadas, y dize, aquellas son por cuenta de las demas
467 421 1293 472 pretensiones que tiene; y declara, que con estas can-
469 471 1291 522 tidades, se da por pagado de la dote, y bienes ganan-
470 518 1290 568 ciales, y demas pretenciones que pueda tener, por
469 566 1285 615 quanto importa mas que ellas la hazienda que ha
469 614 1286 662 gastado a su padre, y por ser menor de veinte y cin
469 660 1287 712 co años jura la relacion de esta escritura, y estar, y
468 707 1282 757 passar por ella.
466 755 1285 804 15	Otra escritura otorgada en 18. de Octu-
465 800 719 846 bre de 1644. en esta Villa, ante Iuan Bautista San-
468 843 1286 904 chez Brauo Escriuano, por Iacinto Gomez Pimen
463 894 1284 951 tel, en que declara, que es mayor de 25. años, y que
464 944 1280 998 siendo menor otorgó en fauor de su padre dos car
463 992 1283 1048 tas de pago, que montan 32?646 reales, por cuen
462 1039 1282 1086 ta de la parte que le toca de bienes gananciales, y
461 1089 1281 1139 arras de su madre, á mayor abundamiento las aprue-
461 1135 1287 1183 ua, y ratifica. Y ansimismo declara, que tiene otor
459 1182 1286 1232 gada otra carta de pago de 9?333. reales, por la
460 1231 1287 1283 parte que le toca de la dote de su madre, y tambien
457 1280 1288 1336 la ratifica: y dize, que de los diez y seis mil setecien
456 1330 1285 1377 tos setenta y dos reales que montó la tienda que
457 1379 1286 1429 le entregó su padre, le ha perdonado los 8?672.
458 1427 1289 1475 teales el dicho su padre, y que assi declara tiene re
454 1475 1287 1523 cibido por cuenta de su legitima 8?000. reales por
459 1525 1291 1575 el valor de la dicha tienda. Y nueuamente confies-
455 1575 1295 1623 sa auer recibido del dicho su padre, otros 75?00.
453 1625 1300 1673 reales mas, en dos partidas, y dellos le otorga car-
452 1675 1306 1727 ta de pago.
448 1729 1304 1785 Y
