1145 2000
17 185 850 49 admitio concurso de acosadores de la muerte con la viu-
16 230 828 48 da del muerto, eo magis fiendo persona calificada, y tal
17 274 832 55 lexos de colusion, como lo muestra la diligencia, y per-
17 320 829 49 severancia con que ha seguido, y sigue este pleyto: y la
19 366 884 46 colusion esta en la hija casada oy con el matador de su
17 412 842 52 padre, cuyo perdon (quando lo huviera) no se admite,
17 456 828 50 como luego se dira: y teniendo como tiene la viuda el
18 503 839 50 primer lugar en acusar, le tiene priuative en perdonar,
16 545 827 49 vt cum Angel. & alijs per text. ibi. in I. si. plures, ff. de ac-
14 593 849 39 cusationibus, resoluit Flores de Mena d. lib. I. q. 7. nu. 5.
58 638 787 46 Pero es tiempo perdido el que gasta la otra parte en
16 680 823 47 dezir, que por ser dos los hijos de Marco Antonio, y el
15 726 822 46 varon ausente no aver acusado, y la hija no perdir a su ma-
16 770 816 47 rido hazen mayor numero en concurso con la madre,
15 813 815 47 y han de prevalecer. Lo primero, porque la pretension
15 854 809 48 de concurso de los hijos con la viuda, no es admissible,
15 898 803 44 como queda fundado, nu. 4. Lo segundo, porque el hijo
13 941 854 42 ausente en servicio del Rey, y de la Republica, quando
15 983 804 44 tuviera algun derecho de acusar esta ileso y entero, y
15 1025 803 41 no remitido, I. t. & L. item his, ff. ex quibus caus. maior.
15 1070 805 42 Y lo cierto es, que si sabe la muerte de su padre recono-
15 1112 814 42 ce el primer lugar que tiene su madre para acusar, y las
16 1155 805 43 veras con que lo haze, y lo fia todo de su deligencia: y el
14 1197 807 42 hijo esta tan lexos de remitir, que es una de las causas
15 1239 808 45 que mas obliga a su madre a insistir en el castigo por la
15 1283 808 43 mano de la justicia, el temor no se le pierda este hijo
15 1325 810 44 varon, unico sucessor en el mayorazdo de su padre, mo-
13 1366 734 46 ço alentado, y con tantos agravios a los ojos.
26 1409 799 45 Y en quanto a la hija, que primero represento tan
12 1455 812 43 encarecidamente la muerte de su padre, y en casando-
12 1497 806 36 se con el matador solicita su causa, no es de momento;
12 1542 806 42 tam, por no poder concurrir con la viuda, como por
15 1583 805 42 hallarse subdita de su marido, y prohibida a acusalle: y
11 1628 808 44 assi aun enn el caso que no huviera la viuda, no fuera de
10 1672 805 38 momento su remission, vt fere in terminis resoluune
741 1711 74 32 Bosi.
