1500 2000
92 0 513 34 POR
55 57 104 109 ANTONIO GOMEZ
346 300 495 391 Oimentel, mercader, padre de
588 0 753 25 Iacinto Gomez Pi-
917 0 1443 28 mentel.
942 438 1038 466 CON
340 439 1039 509 Doña Leonor Rabasco; y doña
353 506 1013 565 Bernarda de Almeyda
491 567 890 622 su hija.
612 628 768 680 Non occidentur parentes pro filijs, nec filij pro
537 719 854 772 parentibus. Sed vnusquisque pro peccato suo
350 809 1042 880 morietur. Deuteron. Cap. 24.
424 868 924 926 Pretende Antonio Gomez Pi
629 929 767 983 mentel se reuoque el auto de la Sala
352 1039 1007 1092 de los señores Alcaldes, en que man-
389 1090 975 1140 daron, que el mandamiento despacha
351 1133 804 1180 do contra Iacinto Gomez Pimentel,
360 1207 1053 1272 por ochocientos ducados para la dicha doña Leo-
487 1250 1056 1301 nor Rauasco, y por setenta mil marauedis para la
410 1270 1055 1354 Camara, se entienda contra Antonio Gomez Pi-
451 1331 1055 1385 mentel su padre; y se cobren de él las dichas canti
454 1373 1058 1412 dades.
360 1417 1059 1467 2	Consiste el fundamento principal de la jus-
358 1457 1065 1505 ti-
