1500 2000
408 34 593 79 Artículo primero
466 36 219 38 3. Aunque es regular en estos delitos venéreos la
249 140 986 79 prueba por presunciones, ex responso Pontifi-
310 205 922 61 cis in cap. literis 12. de presumpt. … incap. Proterea de
255 255 977 69 testib us cum notatis ibidem per Canonitas, …Bart in
258 316 974 61 1.2…num.3.ff.ad l Iul de adult. Está sin embargo
257 371 975 62 la adultera tan convencida de su delito, que más se pue
262 426 965 59 de decir (vt evidens aparebit) que consta del phisica y
259 481 965 59 realmente, que no por presunciones, y tan sin tergi-
268 538 956 55 versación, que cualquiera de esta prueba es suficiente
262 591 961 55 para la condenación de ambos efectos ordinarios civil,
267 642 954 63 y criminal.
267 695 258 62 4. Comenzando por la phisica, y verdadera, no pa-
273 747 944 59 rece se puede poner duda en ella: porque consta por su
265 801 951 57 propia confesión de la adultera, ad text. in cap penult.
270 854 945 53 de adult. in eis verbis: Vel per evidentiamrei, vel per
274 906 942 55 confesionem legitimam mulieris plur a per Farinac de
267 957 950 61 confes quest. 81. cap 1. num.28.
267 1009 603 54 5. Está reiterada esta confesión en muchas cartas
268 1057 944 58 que escribió la adultera a su amante de quibus in proces-
267 1110 943 53 su. En las cuales manifiesta el trato ilícito que con él
264 1162 944 58 había tenido, y tenía, significándole la perseverancia de
259 1213 952 53 su torpe afecto, y la fineza con que le amaba, y el temor
270 1264 945 53 que tenia de que se descubriese este delito, por haberse
272 1313 943 58 conocido señales de sospecha en algunos criados con o
269 1367 948 59 parece de sus palabras, que traducidas en castellano so-
271 1419 948 60 nan en frecuencia: Querido mío, por las señas que me hi-
268 1473 950 59 ciste ayer por la mañana, como también por dar cobro
584 1512 93 22 al que va con este, envié a la fiel al puesto al las cuatro,
269 1525 950 63 y allí estuvo hasta las cinco, y después la dicha fiel me
266 1577 953 64 refirió al tiro que hizo Jacome, que luego que dieron las
264 1631 960 66 cuatro abrieron una ventana en el dicho aposento de
261 1685 964 72 Jacome, y estuvo abierta hasta las cinco, y después la oyó
258 1739 969 74 cerrar. Digo mi bien, que estos quieren hacer nuevos
258 1792 967 74 pla-
