1239 2000
214 169 918 56 Bosi. tit. de pace, vers. Quando vxor occiditur a viro,
212 220 917 55 Iulius Clar. q. 58. num. 31. vers. contingit etiam. Bona-
213 270 915 50 cosa in suis communibus, vers. pax vxoricidae, lib. I. Pe-
217 320 907 53 trus Cabal. in. resolut. in resolut. crimina. casu 58. an. 10.
237 371 886 49 Et tandem, los delitos sobre que es este pleyto son
216 420 906 51 tan atroces que bastara la acusacion del señor Fiscal, y
217 466 905 51 de la Orden, y aun de qualquiera del pueblo, para que
214 513 904 54 fueran castigados, vt in principio, & in §. item Iex Cor-
216 562 851 52 nelia, & §. item lex Iulia, int. de publicis iudicijs.
227 613 891 48 Lo mismo que esta dicho en la acusacion de la muer-
217 660 891 53 te procede en los demas delitos de que es acusado don
216 705 900 60 Antonio, sobre la fuerça y engaño, y quebrantamien-
215 755 899 56 to de casa, y aver entrado en ella denoche, estando ce-
212 803 902 58 rradas las puertas con llaves, y usado de otras falsas, y
208 850 905 57 por las ventanas y texados, y el rapto, sacando la hija
207 897 904 58 de la casa, y llevandola a otras partes para usar mal de
206 944 903 61 ella: porque aunque viviendo Marco Antonio, como
201 994 907 56 cabeça de la familia ofendida, tenia la voz en su nom-
202 1041 903 60 bre, y de su muger, para querellarse; aviendole quita-
206 1089 900 60 do la vida el mismo delinquente, queda toda la accion
207 1138 552 46 en su muger, por dos razones.
212 1187 893 58 La primera, porque el dolor de la dicha deshonra
206 1233 899 62 toco igualmente a la madre de familias, como al pa-
207 1282 898 57 dre, y aun mas propiamente a la madre, como mas assis-
206 1335 895 57 tente, y encargada de la guarda de casa, y de la hija, y a
203 1379 899 64 quien toca assimismo ex justa causa su remedio, como
193 1432 909 58 carga comun del matrimonio, I. neque mater, C. de iure
200 1476 901 66 dotium, & quae post antiquos tradit Menoch. de arbitra-
192 1526 943 62 rijs, casu 460, n. I. & sequentibus: y bastarale ser confor-
185 1577 915 59 te, & socia divinae, & humanae domus, para poder acu-
184 1623 916 56 sar la injuria hecha a su casa, ex Alex. ad Bart. in I. I. §.
184 1673 914 60 item ait, ff. de iniurijs: vbi vero, la ofensa es comun a
183 1725 916 53 marido y muger, lo es tambien el derecho de acusar, y
179 1774 918 51 puede la muger suplir la omission del marido, ex Fa-
176 1822 921 58 bro in §. patitur, nu. 4. inst. de iniurijs, Farinac. 3. tom.
989 1879 103 48 quaest.
