1329 2000
202 172 864 71 su Magestad) no ha querellado, y la hembra (que es la
204 221 852 68 doña Francisca casada oy con el matador) no le pide,
205 272 857 62 han de prevalecer a doña Catalina, q acusa por ser ma-
206 334 219 54 yor parte.
211 358 847 67 Pero este discurso repugna a la jurisprudencia, y a la
206 413 748 56 resolucion mas assentada que ay en este Reyno.
206 453 851 67 Lo primero, que la viuda tiene el primer lugar en la
208 501 849 64 acusacion de la muerte del marido, y demas agravios
207 549 857 60 hechos a su casa, sin que los hijos (quando huvieran acu-
210 593 848 65 sado) puedan concurrir con ella, ni ser parte para remi-
211 642 850 65 tir la muerte, como lo assientan los Autores q adelante
211 687 849 62 se citaran, fundadas en la razon de que el derecho de
210 734 845 58 acusar la muerte, non est quid haereditarium, I. pro haere
214 782 838 59 de, §, sin, ff, de acquiren. haered. & sic, la muger aunque
216 821 838 58 no sea heredera de su marido, se prefiere en la acusacion
216 866 838 63 de su muerte a los hijos, y a todos los demas consangui-
217 914 833 55 neos porque como por el matrimonio se hizieron am-
218 958 829 49 bos una misma carne y sangre, no ay persona mas con-
220 1001 824 60 junta que ella, & sunevnares, & vnum fuppofitum, c.
222 1043 831 61 gaudemus de divorcijs, iuxtra illud Pauli, erunt duo in
226 1087 829 54 carne una, itaque iam non sune duo, fedunacaro, & ita
227 1132 832 61 nulla maior unio, quam coniugalis, nam ius divinum
231 1176 824 49 consistit in veritate, & non infictione, & est focia vi-
232 1220 831 57 vinae, & humana domus, I. aduersus, C. de crimine ex-
233 1269 833 55 pil. heredit. & matrimonium durare dicitur vno eorum
235 1311 831 56 superstite, authent, nec virum quod ex dore, §. nuptiali-
236 1356 833 48 bus, collat. 8. Y assi vemos, que los privilegios concedi-
240 1401 831 56 dos al marido, quantoquiera que sean personalissimos,
244 1442 825 51 como el del fuero, y otros que se dan a la persona, ratio
246 1484 862 60 ne officij, vel alias, los goza la muger, y no los hijos, I.
249 1534 821 49 mulieres, C. de dignitatibus lib. ro. Y en la viuda q vie-
252 1574 819 59 ne a quedar sola y desamparada, por faltalle la mitad
253 1619 817 58 de su persona, se considera mayor interes y daño en la
254 1661 815 55 muerte de su marido, que es la inspreccion que hizo el
257 1710 811 58 derecho, aun en terminos de concurso de acusadores,
953 1753 109 38 para
