1520 2000
23 1910 76 1935 para preferir el mas conjunto, I. 3. §. fi tamen, ff. de libe-
279 158 1123 212 r o homine exhib. ibi: Er ex coniunctione, I. 2. §. si mulier,
279 209 1120 258 ff. de colls. detegen. ibi: Cuius magis interest.
281 254 1029 303 Por estas razones y otras lo assientan por indubita-
317 299 1117 347 ble, post Bart. & Bald. Nicol. Boer. decis. 233. a num. 2.
284 345 1117 390 & 3. ibi: Primo scilicet uxor, secundo pater, tertio liberi
288 387 1119 438 siqui sunt, crudite Villalpan. adl. 22. tit. I. p. 7. patt. 2.
287 437 1116 482 §. 40. n. 12. & sequentibus, Ant. Gom. de delictis, 3. to.
290 479 1116 524 cap. I. num. 32. & clarius dominus Praeses Antonio de
291 521 1119 568 Padilla inI. transigere, nu. 57. C. de transact. his verbis:
292 565 1119 617 In quo illud in praxi notabis, quod uxor hominis occisi ce
292 608 1118 658 setur propinquior persona ad accusandu, & transigendu;
290 654 1121 704 quoniam in illa concurrunt maior coniunctio & affectio
295 697 1122 746 quam in cateris, sunt enim duo illi in carne una, c. gaude-
294 743 1122 789 mus de divortys, & quoniam ea persona est potius admis-
292 788 1121 832 tenda ad accusandum, quam maiori dolore executara esse
290 830 1121 876 credimus, L. 2. §. fin. ff. ad leg. IuI. de adult. haec Padilla, Sua-
288 875 1118 920 rez de Paz in praxi, tom. I. p. 5. c. 3. nu. 14. Zauall, in suis
285 919 1120 964 communib. q. 77. num. 6. in vers. Si vero defunctus uxo-
284 963 1118 1007 rem relinquat illa est omnibus consanguineis. ? heredi-
287 1006 1117 1053 bus preferenda, & late disputans Flores de Mena, lib. I.
288 1049 1116 1098 q. 7. a num. 7. Y es la cosa mas recebida que ay en los
288 1093 1117 1139 Tribunales deste Reyno, y se prueva ab ordine literae in
291 1136 1118 1184 I. 14. tit. 8. p. 7. dicens: Facer puede la muger acusacion de
285 1181 1117 1231 muerte de su marido, e el marido de la muerte de su mu-
283 1225 1117 1274 ger, e el padre del fijo, e el fyo del padre, donde se puso en
276 1270 1114 1321 primer lugar la muger, que los hijos, ni los padres del
275 1314 1113 1365 muerto: y es conclusion assentada y recebida en pratica
273 1359 1112 1412 sin contradicion.
275 1413 542 1444 Y si algun autor, o consulente est rangero de los que
287 1449 1109 1501 alego el Abogado contrario puso el punto en contro-
277 1499 1110 1543 versia, fue, hablando en estatutos particulares de otros
277 1542 1107 1587 Reynos, o tocando el punto depuso sin disputallo, vel
280 1578 1108 1630 quando mater esset vilis persona, uel suspecta de collu-
282 1623 1106 1677 sione, pero en este Reyno nullus (quem ego viderim)
279 1670 1107 1721 admi
