1500 2000
59 569 109 628 POR
51 1388 119 1459 DOÑA CATALINA DE
33 1620 85 1683 Laçarraga y Zarate, viuda de Marco
494 573 636 620 Antonio de Caycedo, y el señor
490 581 751 665 Fiscal.
495 660 725 712 C O N
647 704 754 746 Don Antonio del Barco y Recalde,
356 704 1192 807 Cavallero de la Orden de
390 790 1190 865 Santiago.
374 859 1189 943 Pretende doña Catalina, que don An-
602 924 920 988 tonio ha de ser condenado a q avien
516 1026 1050 1073 dosele quitado el habito, e insignias
393 1127 1197 1209 de la Orden, sea entregado a la justi-
374 1196 1185 1271 cia seglar, para que se execute en el
671 1267 877 1332 la pena de muerte, por los delitos q
320 1364 379 1401 cometio de aver con malos medios,
579 1362 1205 1411 y tercerias, y promessas, y alagos engañado a D. Francis-
538 1408 1206 1457 ca
