1500 2000
177 46 68 53 14	Otra carta de pago otorgada ante el dicho
140 1942 38 37 Escriuano, en 19. de Enero de 1640. por Iacinto
479 113 828 61 Gomez, en que confiessa auer recibido de su padre 9?
468 168 837 56 333. reales, que le tocan, como a vno de tres here-
467 215 842 58 deros de doña Beatriz de Silua su madre de su par-
472 266 833 58 te, de la dote que lleuó al matrimonio. Y ratifica
466 318 832 50 las dos cartas de pago, que antes desta tenia otor-
470 369 828 59 gadas, y dize, aquellas son por cuenta de las demas
467 421 826 51 pretensiones que tiene; y declara, que con estas can-
469 471 822 51 tidades, se da por pagado de la dote, y bienes ganan-
470 518 820 50 ciales, y demas pretenciones que pueda tener, por
469 566 816 49 quanto importa mas que ellas la hazienda que ha
469 614 817 48 gastado a su padre, y por ser menor de veinte y cin
469 660 818 52 co años jura la relacion de esta escritura, y estar, y
468 707 814 50 passar por ella.
466 755 819 49 15	Otra escritura otorgada en 18. de Octu-
465 800 254 46 bre de 1644. en esta Villa, ante Iuan Bautista San-
468 843 818 61 chez Brauo Escriuano, por Iacinto Gomez Pimen
463 894 821 57 tel, en que declara, que es mayor de 25. años, y que
464 944 816 54 siendo menor otorgó en fauor de su padre dos car
463 992 820 56 tas de pago, que montan 32?646 reales, por cuen
462 1039 820 47 ta de la parte que le toca de bienes gananciales, y
461 1089 820 50 arras de su madre, á mayor abundamiento las aprue-
461 1135 826 48 ua, y ratifica. Y ansimismo declara, que tiene otor
459 1182 827 50 gada otra carta de pago de 9?333. reales, por la
460 1231 827 52 parte que le toca de la dote de su madre, y tambien
457 1280 831 56 la ratifica: y dize, que de los diez y seis mil setecien
456 1330 829 47 tos setenta y dos reales que montó la tienda que
457 1379 829 50 le entregó su padre, le ha perdonado los 8?672.
458 1427 831 48 teales el dicho su padre, y que assi declara tiene re
454 1475 833 48 cibido por cuenta de su legitima 8?000. reales por
459 1525 832 50 el valor de la dicha tienda. Y nueuamente confies-
455 1575 840 48 sa auer recibido del dicho su padre, otros 75?00.
453 1625 847 48 reales mas, en dos partidas, y dellos le otorga car-
452 1675 854 52 ta de pago.
448 1729 856 56 Y
