1500 2000
326 205 948 79 DEUS IN ADIUTORIUM MEUM INTENDE
510 342 161 49 POR
568 346 371 82 Don Felipe Leizado
803 393 136 36 Caballero del Orden Santiago, Ca-
551 415 448 39 pitan de Caballos del Ejército
549 484 447 41 de Milán.
1063 481 149 39 En la causa criminal de uxoricidio que
348 495 864 51 contra él se figue.
353 559 855 69 1. Para que con la distinción se consiga
345 627 855 72 la brevedad, y claridad de este papel, lo
663 695 210 67 dividiremos en dos artículos. En el
339 760 860 77 primero defenderemos estar prova-
511 826 506 66 do el adulterio. En el segundo, que no
546 923 653 61 merece Don Felipe pena alguna, y que
351 946 949 86 debe ser absuelto, y confirmar la sentencia del señor
415 1017 786 66 Arzobispo de Milán Subdelegado del Consejo, en que
570 1076 633 46 le dio por libre.
348 1081 858 89 2. La acusación que se le ha hecho a Don Felipe se
545 1171 662 48 funda en la confesión que hizo del uxoricidio, pero es
344 1217 861 52 de advertir que la calificación con la causa de adulterio, la
342 1265 864 59 cual por haberla probado con evidencia, quita la mala
340 1316 281 52 presunción del homicidio. …impunitatem D. Phili-
392 1349 813 63 po condonat ad tradita, per Onded. conf. 96. num 25.
342 1412 867 51 lib. 1. Surd.conf. num 67. … re longe examinata
342 1457 867 52 firmat vivendus Farinac. De reo confes… convict. q. 81.
344 1504 877 54 num. 153.
341 1551 870 58 Ar-
