1500 2000
242 62 971 129 cobraren, se ayan de partir entre todos.
302 127 1138 197 10	Antonio Gomez Oimentel, respondió, que
241 172 1121 249 se auia de declarar no auer lugar la pretensió de do
244 232 1121 306 ña Leonor Rauasco, porque el tenia pagado a
246 278 1117 357 su hijo todo lo que montaua su legitima materna,
245 334 1114 408 y mucha cantidad mas. Y que tenia pretension en
248 385 1112 451 el juizio de particion, se le auian de hazer buenos
250 438 1109 511 seis mil ducados por su capital, y en prueua desto
251 491 905 559 presentó las cartas de pago siguientes.
274 549 1109 609 11	Vna escritura otorgada en 26. de Mayo
256 595 1113 652 de 1636. ante Francisco de Morales, Escriuano
256 649 1118 700 del Numero desta villa, entre Iacinto Gomez Pi-
257 701 1118 757 mentel, y Antionio Gomez su padre, por la qual consta
233 753 1120 805 recibió todas las mercadurias de vna tienda, que
261 804 1120 854 en ella se refieren por menor, tassadas, y aprecia-
260 853 1123 901 das por personas nombradas por las partes, en dife
258 904 1122 952 rentes precios: que sumaron, y montaró 16?772
256 951 1129 998 reales, las quales se obliga de administrar, y dar
255 997 1129 1047 buena cuenta a su padre dellas, ó pagar el precio
256 1047 1130 1098 en que van tassadas, y en esta escritura dize, que
260 1099 522 1139 ya está casado.
319 1148 1134 1197 12	Otra carta de pago, otorgada en esta Vi-
258 1199 1129 1244 lla en 12. de Diziembre de 1637. ante Antonio de
257 1248 1131 1298 Leon Escriuano, en la qual confiessa Iacinto Go-
258 1300 1130 1341 mez Pimentel, ha recibido de Antonio Gomez su
252 1351 1135 1408 padre para sustento de su persona, y la de su muger
254 1402 1134 1460 y otros gastos 22?022. reales en diferentes vezes, y
254 1453 1138 1512 partidas, que refiere por menor, por cuenta de lo
251 1508 950 1567 que ha de auer por su legitima materna.
316 1557 1139 1613 13	Otra carta de pago otorgada en esta Villa
247 1614 1140 1671 en quatro de Agosto de 1638. por Iacinto Gomez,
247 1666 1142 1727 en que confiessa auer recibido del dicho su padre
253 1721 1148 1782 10?624 reales, para en cuenta de pago de su legi
233 1777 1149 1833 tima en diferentes vezes, que refiere ante Diego
238 1840 720 1906 Fernandez Escriuan.
1057 1899 1152 1944 Otra
