1329 2000
202 172 1066 243 su Magestad) no ha querellado, y la hembra (que es la
204 221 1056 289 doña Francisca casada oy con el matador) no le pide,
205 272 1062 334 han de prevalecer a doña Catalina, q acusa por ser ma-
206 334 425 388 yor parte.
211 358 1058 425 Pero este discurso repugna a la jurisprudencia, y a la
206 413 954 469 resolucion mas assentada que ay en este Reyno.
206 453 1057 520 Lo primero, que la viuda tiene el primer lugar en la
208 501 1057 565 acusacion de la muerte del marido, y demas agravios
207 549 1064 609 hechos a su casa, sin que los hijos (quando huvieran acu-
210 593 1058 658 sado) puedan concurrir con ella, ni ser parte para remi-
211 642 1061 707 tir la muerte, como lo assientan los Autores q adelante
211 687 1060 749 se citaran, fundadas en la razon de que el derecho de
210 734 1055 792 acusar la muerte, non est quid haereditarium, I. pro haere
214 782 1052 841 de, §, sin, ff, de acquiren. haered. & sic, la muger aunque
216 821 1054 879 no sea heredera de su marido, se prefiere en la acusacion
216 866 1054 929 de su muerte a los hijos, y a todos los demas consangui-
217 914 1050 969 neos porque como por el matrimonio se hizieron am-
218 958 1047 1007 bos una misma carne y sangre, no ay persona mas con-
220 1001 1044 1061 junta que ella, & sunevnares, & vnum fuppofitum, c.
222 1043 1053 1104 gaudemus de divorcijs, iuxtra illud Pauli, erunt duo in
226 1087 1055 1141 carne una, itaque iam non sune duo, fedunacaro, & ita
227 1132 1059 1193 nulla maior unio, quam coniugalis, nam ius divinum
231 1176 1055 1225 consistit in veritate, & non infictione, & est focia vi-
232 1220 1063 1277 vinae, & humana domus, I. aduersus, C. de crimine ex-
233 1269 1066 1324 pil. heredit. & matrimonium durare dicitur vno eorum
235 1311 1066 1367 superstite, authent, nec virum quod ex dore, §. nuptiali-
236 1356 1069 1404 bus, collat. 8. Y assi vemos, que los privilegios concedi-
240 1401 1071 1457 dos al marido, quantoquiera que sean personalissimos,
244 1442 1069 1493 como el del fuero, y otros que se dan a la persona, ratio
246 1484 1108 1544 ne officij, vel alias, los goza la muger, y no los hijos, I.
249 1534 1070 1583 mulieres, C. de dignitatibus lib. ro. Y en la viuda q vie-
252 1574 1071 1633 ne a quedar sola y desamparada, por faltalle la mitad
253 1619 1070 1677 de su persona, se considera mayor interes y daño en la
254 1661 1069 1716 muerte de su marido, que es la inspreccion que hizo el
257 1710 1068 1768 derecho, aun en terminos de concurso de acusadores,
953 1753 1062 1791 para
