1500 2000
242 62 729 67 cobraren, se ayan de partir entre todos.
302 127 836 70 10	Antonio Gomez Oimentel, respondió, que
241 172 880 77 se auia de declarar no auer lugar la pretensió de do
244 232 877 74 ña Leonor Rauasco, porque el tenia pagado a
246 278 871 79 su hijo todo lo que montaua su legitima materna,
245 334 869 74 y mucha cantidad mas. Y que tenia pretension en
248 385 864 66 el juizio de particion, se le auian de hazer buenos
250 438 859 73 seis mil ducados por su capital, y en prueua desto
251 491 654 68 presentó las cartas de pago siguientes.
274 549 835 60 11	Vna escritura otorgada en 26. de Mayo
256 595 857 57 de 1636. ante Francisco de Morales, Escriuano
256 649 862 51 del Numero desta villa, entre Iacinto Gomez Pi-
257 701 861 56 mentel, y Antionio Gomez su padre, por la qual consta
233 753 887 52 recibió todas las mercadurias de vna tienda, que
261 804 859 50 en ella se refieren por menor, tassadas, y aprecia-
260 853 863 48 das por personas nombradas por las partes, en dife
258 904 864 48 rentes precios: que sumaron, y montaró 16?772
256 951 873 47 reales, las quales se obliga de administrar, y dar
255 997 874 50 buena cuenta a su padre dellas, ó pagar el precio
256 1047 874 51 en que van tassadas, y en esta escritura dize, que
260 1099 262 40 ya está casado.
319 1148 815 49 12	Otra carta de pago, otorgada en esta Vi-
258 1199 871 45 lla en 12. de Diziembre de 1637. ante Antonio de
257 1248 874 50 Leon Escriuano, en la qual confiessa Iacinto Go-
258 1300 872 41 mez Pimentel, ha recibido de Antonio Gomez su
252 1351 883 57 padre para sustento de su persona, y la de su muger
254 1402 880 58 y otros gastos 22?022. reales en diferentes vezes, y
254 1453 884 59 partidas, que refiere por menor, por cuenta de lo
251 1508 699 59 que ha de auer por su legitima materna.
316 1557 823 56 13	Otra carta de pago otorgada en esta Villa
247 1614 893 57 en quatro de Agosto de 1638. por Iacinto Gomez,
247 1666 895 61 en que confiessa auer recibido del dicho su padre
253 1721 895 61 10?624 reales, para en cuenta de pago de su legi
233 1777 916 56 tima en diferentes vezes, que refiere ante Diego
238 1840 482 66 Fernandez Escriuan.
1057 1899 95 45 Otra
