1500 2000
344 48 972 74 platillos si no nos gobernamos con prudencia. Jacome y,
352 104 962 60 el cocinero hablan siempre en su lengua, con parientes
347 160 969 64 de Matias; y plega a Dios, que una vez u otra no de-
354 213 964 71 mos en la trampa. Bien sé que estas mis palabras se echa-
353 268 964 63 rán al aire porque vos joya mía no queréis hacer ca-
350 325 967 71 so: porque si….. temor de lo que yo digo, no os hu-
349 382 968 58 biera despuesto dos veces en tanto peligro, como es ve-
354 435 960 60 nir a casa de día, particularmente la noche que vinis-
344 488 964 60 te con el criado que el cocinero ha dicho libremente que
351 541 956 62 os ha visto. Ay Dios, si este hablase como hizo de las
352 597 953 56 Rotulas, que sería de mí, o mi g. Estáis vos fuera de ca-
346 647 959 64 sa, yo estoy en manos de canalla, que pueden ser causa
355 702 948 63 de mi muerte, y no la huyera por escapar con la seguir-
358 755 943 60 dad de la vida una mancha eterna de infamia: hablo
352 809 946 58 con vos corazón mío, que en mi se haya enfriado el amor,
357 861 936 58 mas si consideraseis mis trabajos, no habalriades así,
357 915 1032 56 antes deviades aseguraos, que si yo no os amara de
358 968 934 55 veras, no hubiera sido constante a golpe de muerte, como
358 1019 934 54 lo he pasado. Juzgo también, que el dejaros ver todas
348 1070 945 53 las noches cuando vengo de casa de mi madre, no esté
351 1120 946 57 bien porque este mal viejo del gentilhombre no se quie-
346 1174 952 56 re apartar de mí, y después con la venida del amigo, el
347 1228 950 55 cual vendrá esta noche, puede ser que venga acaso con-
338 1278 964 61 migo. Todo os sirva por bien, y aquí con desentrañable
348 1330 946 62 amor os beso infinitas veces, a Dios. Vuestra fiel.
347 1382 956 65 6. Et in alia espistola, his verbis: Tesoro mío, sois
346 1442 958 59 embustero mío, un luchador en la empresa de amor,
345 1497 962 58 de los mayores que pueden haber nacido, y que nace-
333 1549 973 61 rán al mundo, de suerte que cualquier dama se da
342 1602 966 71 por rendida, y yo como tal me echo a tues pies, su-
335 1659 974 68 plicándote el que me tengas compasión, si no pu-
332 1710 972 75 diese estos días recibirte de nuevo en mis brazos, atenta
338 1762 974 69 que me siento flaquísima, y muy dolorida de vuestros
343 1818 969 63 golpes, que me hieren con tan dulce furia. No quisiera
340 1867 962 73 después, o mi caro bien reysedes que el no quereros
1163 1929 138 31 te-
