1500 2000
359 131 830 59 ticia de esta parte en ajuitar con certeza, y claridad
361 182 830 57 el hecho verdadero de este negocio, que consiste
360 228 833 62 en que Iacinto Gomez Pimentel fue preso el mes
361 276 834 64 de Agosto del año passado de 1643. por querella,
362 324 835 65 que de él dio doña Leonor Rauasco, por dezirla
363 376 835 63 auia estrupado, y queriendole prender vnos Algua
364 423 834 65 ziles de esta Corte, les hizo resistencia, y sobe ello
365 474 833 60 se le hizo nueua causa, y por ello fue condenado
367 523 831 62 en seis años de galeras, y lleuado a la caxa de Tole
368 573 830 61 do, y por sentencia de reuista se le conmutó la di-
368 623 830 60 cha pena de galeras, en quatro años del presidio de
373 691 103 29 Oran.
418 719 800 64 3	Estando condenado Iacinto Gomez en la
373 775 825 55 pena referida, siguió doña Leonor Rauasco su que
373 823 827 56 rella de estrupo, contra Iacinto Gomez Pimentel, y
381 870 824 53 conclusa la causa por sentencia de vista, que se dio
378 920 827 48 en ocho de Febrero de 1645. fue condenado en
378 966 834 56 quatro años mas del presidio de Oran, y en mil du
372 1014 841 53 cados para la parte querellante, y en cien mil mara
370 1059 846 54 uedis para la Camara, de que suplicó, y por senten-
371 1112 845 48 cia de reuista, que se dio en diez de Mayo del di-
372 1159 845 53 cho año de 1645. se confirmó la sentencia de vis-
373 1209 839 50 ta, con que los mil ducados fuessen ochocientos,
373 1257 841 58 y los cien mil marauedis, setenta mil, y los quatro
372 1308 423 49 años de presidio, dos.
418 1358 799 54 4	En execución desta executoria, se despachó
367 1407 853 57 mandamiento para cobrar las penas pecuniarias, y
366 1459 856 56 se requirió con el á Antonio Gomez Pimentel, pa
365 1512 860 47 dre de Iacinto Gomez, para que diesse bienes de su
363 1561 863 62 hijo, el qual respondio, quela tenia entregada, y pa
364 1615 862 58 gada toda su legitima materna, y que no tenia bie
362 1678 184 50 nes suyos.
414 1715 815 64 5	Doña Leonor Rauasco pidio se mandasse,
364 1768 867 63 que el mandamiento despachado, se entendiesse
349 1822 883 54 con Antonio Gomez Pimentel, por tener en su po
1179 1881 54 41 der
