1500 2000
326 205 1274 284 DEUS IN ADIUTORIUM MEUM INTENDE
510 342 671 391 POR
568 346 939 428 Don Felipe Leizado
803 393 939 429 Caballero del Orden Santiago, Ca-
551 415 999 454 pitan de Caballos del Ejército
549 484 996 525 de Milán.
1063 481 1212 520 En la causa criminal de uxoricidio que
348 495 1212 546 contra él se figue.
353 559 1208 628 1. Para que con la distinción se consiga
345 627 1200 699 la brevedad, y claridad de este papel, lo
663 695 873 762 dividiremos en dos artículos. En el
339 760 1199 837 primero defenderemos estar prova-
511 826 1017 892 do el adulterio. En el segundo, que no
546 923 1199 984 merece Don Felipe pena alguna, y que
351 946 1300 1032 debe ser absuelto, y confirmar la sentencia del señor
415 1017 1201 1083 Arzobispo de Milán Subdelegado del Consejo, en que
570 1076 1203 1122 le dio por libre.
348 1081 1206 1170 2. La acusación que se le ha hecho a Don Felipe se
545 1171 1207 1219 funda en la confesión que hizo del uxoricidio, pero es
344 1217 1205 1269 de advertir que la calificación con la causa de adulterio, la
342 1265 1206 1324 cual por haberla probado con evidencia, quita la mala
340 1316 621 1368 presunción del homicidio. …impunitatem D. Phili-
392 1349 1205 1412 po condonat ad tradita, per Onded. conf. 96. num 25.
342 1412 1209 1463 lib. 1. Surd.conf. num 67. … re longe examinata
342 1457 1209 1509 firmat vivendus Farinac. De reo confes… convict. q. 81.
344 1504 1221 1558 num. 153.
341 1551 1211 1609 Ar-
