1500 2000
359 131 1189 190 ticia de esta parte en ajuitar con certeza, y claridad
361 182 1191 239 el hecho verdadero de este negocio, que consiste
360 228 1193 290 en que Iacinto Gomez Pimentel fue preso el mes
361 276 1195 340 de Agosto del año passado de 1643. por querella,
362 324 1197 389 que de él dio doña Leonor Rauasco, por dezirla
363 376 1198 439 auia estrupado, y queriendole prender vnos Algua
364 423 1198 488 ziles de esta Corte, les hizo resistencia, y sobe ello
365 474 1198 534 se le hizo nueua causa, y por ello fue condenado
367 523 1198 585 en seis años de galeras, y lleuado a la caxa de Tole
368 573 1198 634 do, y por sentencia de reuista se le conmutó la di-
368 623 1198 683 cha pena de galeras, en quatro años del presidio de
373 691 476 720 Oran.
418 719 1218 783 3	Estando condenado Iacinto Gomez en la
373 775 1198 830 pena referida, siguió doña Leonor Rauasco su que
373 823 1200 879 rella de estrupo, contra Iacinto Gomez Pimentel, y
381 870 1205 923 conclusa la causa por sentencia de vista, que se dio
378 920 1205 968 en ocho de Febrero de 1645. fue condenado en
378 966 1212 1022 quatro años mas del presidio de Oran, y en mil du
372 1014 1213 1067 cados para la parte querellante, y en cien mil mara
370 1059 1216 1113 uedis para la Camara, de que suplicó, y por senten-
371 1112 1216 1160 cia de reuista, que se dio en diez de Mayo del di-
372 1159 1217 1212 cho año de 1645. se confirmó la sentencia de vis-
373 1209 1212 1259 ta, con que los mil ducados fuessen ochocientos,
373 1257 1214 1315 y los cien mil marauedis, setenta mil, y los quatro
372 1308 795 1357 años de presidio, dos.
418 1358 1217 1412 4	En execución desta executoria, se despachó
367 1407 1220 1464 mandamiento para cobrar las penas pecuniarias, y
366 1459 1222 1515 se requirió con el á Antonio Gomez Pimentel, pa
365 1512 1225 1559 dre de Iacinto Gomez, para que diesse bienes de su
363 1561 1226 1623 hijo, el qual respondio, quela tenia entregada, y pa
364 1615 1226 1673 gada toda su legitima materna, y que no tenia bie
362 1678 546 1728 nes suyos.
414 1715 1229 1779 5	Doña Leonor Rauasco pidio se mandasse,
364 1768 1231 1831 que el mandamiento despachado, se entendiesse
349 1822 1232 1876 con Antonio Gomez Pimentel, por tener en su po
1179 1881 1233 1922 der
