1500 2000
124 507 68 36 der seis mil ducados, que auian tocado a su hijo Ia-
116 1914 45 41 cinto Gomez por su legitima materna: y para que
422 91 843 62 dello constasse pidio compulsorio, para que Anto
420 153 846 56 nio Cadenas Escriuano de Prouincia, le diesse vn
422 197 843 61 testimonio de la particion, que se auia hecho de
422 246 840 61 los bienes de doña Beatriz de Silua, entre Atonio
423 299 837 61 Gomez Pimentel, y sus hijos.
423 351 835 49 6	Por testimonio de Antonio Cadenas Escri-
424 413 504 46 uano de Prouincia consta, que ante el como tal Es-
473 453 781 43 criuano, se presentó la dicha cuenta, y particion,
422 502 835 56 y que se pidio su aprouacion, y que se auia dado
424 558 822 49 traslado dellas a las partes, y que Antonio Gomez
424 606 823 49 auia dicho de agrauios contra ellas, pretendiendo
422 655 820 48 se le auian de hazer buenos, y pagar seis mil duca-
422 703 822 47 dos por el capital, que auia lleuado al matrimonio
421 751 827 48 con doña Beatriz de Silua, y trecientos ducados que
421 799 863 49 auia gastado en su funeral.
421 848 825 49 7	Tambien consta por dicho testimonio, que
422 896 428 49 Iacinto Gomez Pimentel huuo de auer por su le-
432 944 811 45 gitima materna 51?681. reales, y que se le adju-
422 992 820 44 dicaron, y pagaron en diferentes deuitos que se que-
422 1039 818 52 daron deuiendo, quando murio doña Beatriz
421 1085 816 48 de Silua, y en otros efectos, que se auian de co-
419 1134 823 46 brar.
419 1181 823 50 8	Al fin de este testimonio, dize, que los Con-
421 1241 75 32 tadores hizieron la dicha particion con declara-
462 1279 785 48 cion, que si Antionio Gomez Pimentel se quisiesse
418 1329 827 47 encargar de la cobranza de los 115?840. reales, que
419 1375 827 54 montan las deudas que van partidas, entre los he
416 1424 831 52 rederos contenidas en la relacion jurada, que dio,
370 1473 877 47 se le ha de satisfacer por los tres herederos, cada v-
420 1521 829 52 no la tercia parte de lo que en la cobranza se gasta-
420 1570 879 47 re.
417 1619 878 60 9	Tambien declaran que ay 38?298. rea-
420 1697 40 22 les de deudas perdidas, y que si en algun tiempo se
468 1722 793 54 co-
