1145 2000
17 185 867 234 admitio concurso de acosadores de la muerte con la viu-
16 230 844 278 da del muerto, eo magis fiendo persona calificada, y tal
17 274 849 329 lexos de colusion, como lo muestra la diligencia, y per-
17 320 846 369 severancia con que ha seguido, y sigue este pleyto: y la
19 366 903 412 colusion esta en la hija casada oy con el matador de su
17 412 859 464 padre, cuyo perdon (quando lo huviera) no se admite,
17 456 845 506 como luego se dira: y teniendo como tiene la viuda el
18 503 857 553 primer lugar en acusar, le tiene priuative en perdonar,
16 545 843 594 vt cum Angel. & alijs per text. ibi. in I. si. plures, ff. de ac-
14 593 863 632 cusationibus, resoluit Flores de Mena d. lib. I. q. 7. nu. 5.
58 638 845 684 Pero es tiempo perdido el que gasta la otra parte en
16 680 839 727 dezir, que por ser dos los hijos de Marco Antonio, y el
15 726 837 772 varon ausente no aver acusado, y la hija no perdir a su ma-
16 770 832 817 rido hazen mayor numero en concurso con la madre,
15 813 830 860 y han de prevalecer. Lo primero, porque la pretension
15 854 824 902 de concurso de los hijos con la viuda, no es admissible,
15 898 818 942 como queda fundado, nu. 4. Lo segundo, porque el hijo
13 941 867 983 ausente en servicio del Rey, y de la Republica, quando
15 983 819 1027 tuviera algun derecho de acusar esta ileso y entero, y
15 1025 818 1066 no remitido, I. t. & L. item his, ff. ex quibus caus. maior.
15 1070 820 1112 Y lo cierto es, que si sabe la muerte de su padre recono-
15 1112 829 1154 ce el primer lugar que tiene su madre para acusar, y las
16 1155 821 1198 veras con que lo haze, y lo fia todo de su deligencia: y el
14 1197 821 1239 hijo esta tan lexos de remitir, que es una de las causas
15 1239 823 1284 que mas obliga a su madre a insistir en el castigo por la
15 1283 823 1326 mano de la justicia, el temor no se le pierda este hijo
15 1325 825 1369 varon, unico sucessor en el mayorazdo de su padre, mo-
13 1366 747 1412 ço alentado, y con tantos agravios a los ojos.
26 1409 825 1454 Y en quanto a la hija, que primero represento tan
12 1455 824 1498 encarecidamente la muerte de su padre, y en casando-
12 1497 818 1533 se con el matador solicita su causa, no es de momento;
12 1542 818 1584 tam, por no poder concurrir con la viuda, como por
15 1583 820 1625 hallarse subdita de su marido, y prohibida a acusalle: y
11 1628 819 1672 assi aun enn el caso que no huviera la viuda, no fuera de
10 1672 815 1710 momento su remission, vt fere in terminis resoluune
741 1711 815 1743 Bosi.
