1500 2000
92 0 421 34 POR
55 57 49 52 ANTONIO GOMEZ
346 300 149 91 Oimentel, mercader, padre de
588 0 165 25 Iacinto Gomez Pi-
917 0 526 28 mentel.
942 438 96 28 CON
340 439 699 70 Doña Leonor Rabasco; y doña
353 506 660 59 Bernarda de Almeyda
491 567 399 55 su hija.
612 628 156 52 Non occidentur parentes pro filijs, nec filij pro
537 719 317 53 parentibus. Sed vnusquisque pro peccato suo
350 809 692 71 morietur. Deuteron. Cap. 24.
424 868 500 58 Pretende Antonio Gomez Pi
629 929 138 54 mentel se reuoque el auto de la Sala
352 1039 655 53 de los señores Alcaldes, en que man-
389 1090 586 50 daron, que el mandamiento despacha
351 1133 453 47 do contra Iacinto Gomez Pimentel,
360 1207 693 65 por ochocientos ducados para la dicha doña Leo-
487 1250 569 51 nor Rauasco, y por setenta mil marauedis para la
410 1270 645 84 Camara, se entienda contra Antonio Gomez Pi-
451 1331 604 54 mentel su padre; y se cobren de él las dichas canti
454 1373 604 39 dades.
360 1417 699 50 2	Consiste el fundamento principal de la jus-
358 1457 707 48 ti-
