1500 2000
124 507 192 543 der seis mil ducados, que auian tocado a su hijo Ia-
116 1914 161 1955 cinto Gomez por su legitima materna: y para que
422 91 1265 153 dello constasse pidio compulsorio, para que Anto
420 153 1266 209 nio Cadenas Escriuano de Prouincia, le diesse vn
422 197 1265 258 testimonio de la particion, que se auia hecho de
422 246 1262 307 los bienes de doña Beatriz de Silua, entre Atonio
423 299 1260 360 Gomez Pimentel, y sus hijos.
423 351 1258 400 6	Por testimonio de Antonio Cadenas Escri-
424 413 928 459 uano de Prouincia consta, que ante el como tal Es-
473 453 1254 496 criuano, se presentó la dicha cuenta, y particion,
422 502 1257 558 y que se pidio su aprouacion, y que se auia dado
424 558 1246 607 traslado dellas a las partes, y que Antonio Gomez
424 606 1247 655 auia dicho de agrauios contra ellas, pretendiendo
422 655 1242 703 se le auian de hazer buenos, y pagar seis mil duca-
422 703 1244 750 dos por el capital, que auia lleuado al matrimonio
421 751 1248 799 con doña Beatriz de Silua, y trecientos ducados que
421 799 1284 848 auia gastado en su funeral.
421 848 1246 897 7	Tambien consta por dicho testimonio, que
422 896 850 945 Iacinto Gomez Pimentel huuo de auer por su le-
432 944 1243 989 gitima materna 51?681. reales, y que se le adju-
422 992 1242 1036 dicaron, y pagaron en diferentes deuitos que se que-
422 1039 1240 1091 daron deuiendo, quando murio doña Beatriz
421 1085 1237 1133 de Silua, y en otros efectos, que se auian de co-
419 1134 1242 1180 brar.
419 1181 1242 1231 8	Al fin de este testimonio, dize, que los Con-
421 1241 496 1273 tadores hizieron la dicha particion con declara-
462 1279 1247 1327 cion, que si Antionio Gomez Pimentel se quisiesse
418 1329 1245 1376 encargar de la cobranza de los 115?840. reales, que
419 1375 1246 1429 montan las deudas que van partidas, entre los he
416 1424 1247 1476 rederos contenidas en la relacion jurada, que dio,
370 1473 1247 1520 se le ha de satisfacer por los tres herederos, cada v-
420 1521 1249 1573 no la tercia parte de lo que en la cobranza se gasta-
420 1570 1299 1617 re.
417 1619 1295 1679 9	Tambien declaran que ay 38?298. rea-
420 1697 460 1719 les de deudas perdidas, y que si en algun tiempo se
468 1722 1261 1776 co-
