1377 2000
267 167 1285 253 CENSURA DEL R. P. ANTONIO CO-
329 236 1286 300 dorniu de la Compañía de jesus, Maes-
331 300 1291 371 tro que fue de Theologia, Examinador
332 362 1289 437 Synodal de los Obispados de Gerona, Ur-
322 425 842 500 gel, y Barcelona, Oc.
278 551 1291 638 DE orden del Ilustre Señor Don Fran-
305 616 1289 683 cisco Drechos, Canonigo, y Sacristan
276 675 1292 742 Dignidad de la Santa Iglesia de Gerona, y
279 742 1292 811 Vicario General por el Ilustrissimo Señor
280 800 1290 868 D. Balthasar de Bastero y lledo, Obispo
279 860 1294 927 de Gerona, del Consejo de su Magestad, & c.
280 923 1293 990 He visto un Librito, cuyo titulo es: Ins-
284 980 1298 1052 truccion de Christiana, y Politica Cortesa-
285 1043 1297 1111 nia, Oc. Su Author D. Fausto Agustin de
283 1106 1293 1174 Buendia, Colegial que fue en el Imperial
281 1168 1295 1239 de Cordellas, &c. Y brevemente digo,
284 1231 1297 1301 no solo que nada contiene contra la Fe, y
283 1294 1297 1364 buenas costumbres, sino que muy atento
286 1363 1298 1420 el Author con entrambas, describe, y en-
293 1421 1291 1478 seña tan culta, y discreta la Virtud, co-
291 1481 1298 1548 mo santa la Policia, y Urbanidad. Los
292 1541 1293 1611 Señoritos, que se criaren con estos do-
291 1603 1301 1672 cumentos, mereceran, quando hombres,
293 1666 1298 1736 aver nacido Señores. Porque no solo sa-
293 1726 1306 1858 bran ser Caballeros, sino tambien a lo
1103 1848 1264 1917 Caba-
