1516 2000
409 331 1221 423 Al
508 439 699 486 INFINITAMENTE AMABLE
837 433 1116 501 NIÑO JESUS.
561 468 1142 567 A Vos, Dulcissimo Niño
545 648 1226 714 JESUS, que no solo os
413 697 1223 839 dignasteis de llamaros
549 824 1221 904 Doctor de los Niños,
575 897 1223 948 sino también de assis-
409 961 1226 1015 tir como Niño entre los Doctores,
407 1023 1226 1087 se consagra humilde esta pequeña
406 1083 1227 1147 Instrucción de los Niños. Es assi,
408 1146 1228 1211 que ella también se dirige a la ju-
404 1210 1229 1272 ventud; pero a esta, como recuer-
395 1268 1229 1334 do de lo que aprendió, a los Ni-
407 1329 1229 1394 ños, como precisa explicacion de
404 1390 1230 1458 lo que deben estudiar. Por este so-
407 1455 1227 1523 lo titulo es muy vuestra; y por
409 1515 1229 1583 ser para Niños, que confiais a la
409 1578 1228 1642 educacion de vuestra Compañia,
407 1638 1230 1707 lo es mucho mas. En Vos, (Divi-
410 1701 1231 1769 no Exemplar de todas las virtu-
413 1762 1232 1832 des) tienen abreviado el mas se-
1062 1836 1173 1883 guro
