1351 2000
93 163 1128 234 caer e incurrir en las penas contenidas en
105 234 1130 301 la dicha pragmatica e leyes de nuestros
91 299 1130 365 Reynos. Y mandamos que durante el di-
87 363 1130 431 cho tiempo persona alguna sin vuestra li-
89 430 1123 495 cencia no lo pueda imprimir ni vender so
100 494 1123 562 pena que el que lo imprimiere aya perdido
102 557 1126 626 y pierda todos y qualesquier libros, mol-
105 622 1124 691 des y aparejos que de los dichos libros tu
103 687 1124 755 viere, y mas incurra en pena de cinquenta
95 752 1124 819 mil maravedis por cada vez aue lo contra-
84 816 1124 883 rio hiziere, la qual dicha pena sea la tercia
95 880 1123 950 parte para el juez que lo sentenciare, y la
99 944 1121 1011 otra tercia parte para la persona que lo
101 1009 1116 1075 denunciare, y la otra tercia parte para la
96 1074 1117 1124 nuestra camara. Y mandamos a los del nue
92 1137 1114 1202 stro Consejo Presidentes y Oydores de las
90 1202 1136 1267 nras Audiencias Alcaldes, alguaziles de la
91 1267 1112 1332 nuestra casa, Corte chancillerias, y a todos
89 1333 1113 1396 los Corregidores, Assistente, Governado-
90 1398 1111 1460 res, Alcaldes mayores y ordinarios, y otros
94 1461 1111 1527 juezes y justicias qualesquier de todas las
95 1523 1110 1593 ciudades, villas y lugares de los nros Rey-
91 1589 1108 1658 nos y Señorios, ansi a los q agora son, co-
95 1655 1108 1724 mo a los que seran de aquí adelante q vos
98 1720 1109 1786 guarden y cumplan esta nuestra cedula
95 1785 1106 1852 y merced que ansi vos hazemos, y contra
95 1849 1105 1920 el tenor y forma della, y de lo en ella conte
999 1918 1109 1978 nido
