1500 2000
344 48 1316 122 platillos si no nos gobernamos con prudencia. Jacome y,
352 104 1314 164 el cocinero hablan siempre en su lengua, con parientes
347 160 1316 224 de Matias; y plega a Dios, que una vez u otra no de-
354 213 1318 284 mos en la trampa. Bien sé que estas mis palabras se echa-
353 268 1317 331 rán al aire porque vos joya mía no queréis hacer ca-
350 325 1317 396 so: porque si….. temor de lo que yo digo, no os hu-
349 382 1317 440 biera despuesto dos veces en tanto peligro, como es ve-
354 435 1314 495 nir a casa de día, particularmente la noche que vinis-
344 488 1308 548 te con el criado que el cocinero ha dicho libremente que
351 541 1307 603 os ha visto. Ay Dios, si este hablase como hizo de las
352 597 1305 653 Rotulas, que sería de mí, o mi g. Estáis vos fuera de ca-
346 647 1305 711 sa, yo estoy en manos de canalla, que pueden ser causa
355 702 1303 765 de mi muerte, y no la huyera por escapar con la seguir-
358 755 1301 815 dad de la vida una mancha eterna de infamia: hablo
352 809 1298 867 con vos corazón mío, que en mi se haya enfriado el amor,
357 861 1293 919 mas si consideraseis mis trabajos, no habalriades así,
357 915 1389 971 antes deviades aseguraos, que si yo no os amara de
358 968 1292 1023 veras, no hubiera sido constante a golpe de muerte, como
358 1019 1292 1073 lo he pasado. Juzgo también, que el dejaros ver todas
348 1070 1293 1123 las noches cuando vengo de casa de mi madre, no esté
351 1120 1297 1177 bien porque este mal viejo del gentilhombre no se quie-
346 1174 1298 1230 re apartar de mí, y después con la venida del amigo, el
347 1228 1297 1283 cual vendrá esta noche, puede ser que venga acaso con-
338 1278 1302 1339 migo. Todo os sirva por bien, y aquí con desentrañable
348 1330 1294 1392 amor os beso infinitas veces, a Dios. Vuestra fiel.
347 1382 1303 1447 6. Et in alia espistola, his verbis: Tesoro mío, sois
346 1442 1304 1501 embustero mío, un luchador en la empresa de amor,
345 1497 1307 1555 de los mayores que pueden haber nacido, y que nace-
333 1549 1306 1610 rán al mundo, de suerte que cualquier dama se da
342 1602 1308 1673 por rendida, y yo como tal me echo a tues pies, su-
335 1659 1309 1727 plicándote el que me tengas compasión, si no pu-
332 1710 1304 1785 diese estos días recibirte de nuevo en mis brazos, atenta
338 1762 1312 1831 que me siento flaquísima, y muy dolorida de vuestros
343 1818 1312 1881 golpes, que me hieren con tan dulce furia. No quisiera
340 1867 1302 1940 después, o mi caro bien reysedes que el no quereros
1163 1929 1301 1960 te-
