1239 2000
214 169 1132 225 Bosi. tit. de pace, vers. Quando vxor occiditur a viro,
212 220 1129 275 Iulius Clar. q. 58. num. 31. vers. contingit etiam. Bona-
213 270 1128 320 cosa in suis communibus, vers. pax vxoricidae, lib. I. Pe-
217 320 1124 373 trus Cabal. in. resolut. in resolut. crimina. casu 58. an. 10.
237 371 1123 420 Et tandem, los delitos sobre que es este pleyto son
216 420 1122 471 tan atroces que bastara la acusacion del señor Fiscal, y
217 466 1122 517 de la Orden, y aun de qualquiera del pueblo, para que
214 513 1118 567 fueran castigados, vt in principio, & in §. item Iex Cor-
216 562 1067 614 nelia, & §. item lex Iulia, int. de publicis iudicijs.
227 613 1118 661 Lo mismo que esta dicho en la acusacion de la muer-
217 660 1108 713 te procede en los demas delitos de que es acusado don
216 705 1116 765 Antonio, sobre la fuerça y engaño, y quebrantamien-
215 755 1114 811 to de casa, y aver entrado en ella denoche, estando ce-
212 803 1114 861 rradas las puertas con llaves, y usado de otras falsas, y
208 850 1113 907 por las ventanas y texados, y el rapto, sacando la hija
207 897 1111 955 de la casa, y llevandola a otras partes para usar mal de
206 944 1109 1005 ella: porque aunque viviendo Marco Antonio, como
201 994 1108 1050 cabeça de la familia ofendida, tenia la voz en su nom-
202 1041 1105 1101 bre, y de su muger, para querellarse; aviendole quita-
206 1089 1106 1149 do la vida el mismo delinquente, queda toda la accion
207 1138 759 1184 en su muger, por dos razones.
212 1187 1105 1245 La primera, porque el dolor de la dicha deshonra
206 1233 1105 1295 toco igualmente a la madre de familias, como al pa-
207 1282 1105 1339 dre, y aun mas propiamente a la madre, como mas assis-
206 1335 1101 1392 tente, y encargada de la guarda de casa, y de la hija, y a
203 1379 1102 1443 quien toca assimismo ex justa causa su remedio, como
193 1432 1102 1490 carga comun del matrimonio, I. neque mater, C. de iure
200 1476 1101 1542 dotium, & quae post antiquos tradit Menoch. de arbitra-
192 1526 1135 1588 rijs, casu 460, n. I. & sequentibus: y bastarale ser confor-
185 1577 1100 1636 te, & socia divinae, & humanae domus, para poder acu-
184 1623 1100 1679 sar la injuria hecha a su casa, ex Alex. ad Bart. in I. I. §.
184 1673 1098 1733 item ait, ff. de iniurijs: vbi vero, la ofensa es comun a
183 1725 1099 1778 marido y muger, lo es tambien el derecho de acusar, y
179 1774 1097 1825 puede la muger suplir la omission del marido, ex Fa-
176 1822 1097 1880 bro in §. patitur, nu. 4. inst. de iniurijs, Farinac. 3. tom.
989 1879 1092 1927 quaest.
