1337 2000
284 154 1154 217 ca de Caycedo su hija, donzella noble y honesta, a
285 204 1146 259 que concedielle en su voluntad, y para esto, y violar su
284 252 1141 308 castidad, aver quebrantado su casa, siendo de muy luci-
283 299 1142 356 da nobleza y calidad, entrando en ella denoche a des-
285 346 1142 407 hora con llaves falsas, y otras vezes por las ventanas, y
286 389 1143 450 texados, y otras sacandola de su casa, y llevandola a o-
285 445 1140 496 tras para el mismo efeto, y sintiendola preñada dadole
287 492 1139 544 recetas de bevidas para q abortasse. Y sobre todo, avien
285 537 1136 591 do llegado a noticia de doña Catalina y su marido la
284 583 1134 640 dicha deshonra, y tratando de remedialla con secreto,
281 631 1131 694 el dicho don Antonio por mas injurialles dixo por un
280 677 1133 735 villete al mismo Marco Antonio, que no queria casar-
278 725 1131 783 se con su hija, y que estava arrepentido de auello dicho.
277 770 1138 835 Y ultimamente para impedille el reparo de tantos a-
272 816 1127 889 gravios le quito la vida, passandole de una estocada, de
1099 827 1136 846 que murio luego sin consession en la calle.
270 863 1024 922 Y por aver pocos dias que se vio este pleyto, y estar
307 910 1125 975 fresca la memoria de la provança de los dichos delitos,
258 956 1124 1014 en que no quedo duda, se tratara solamente en este pa-
257 1006 1121 1067 pel.
258 1049 320 1092 Que doña Catalina es parte legitima para lo que
284 1092 1118 1156 pide, demas del señor Fiscal.
259 1142 750 1192 Y de la pena que se deve imponer por los dichos de-
301 1187 1116 1250 litos.
259 1232 369 1265 Y que no son ciertas las escusas con que el reo se pre
306 1274 1111 1334 tende evadir.
206 1326 467 1359 Legitimacion de la persona de doña Catalina.
256 1419 1111 1473 En primer lugar hizo fuerça el Abogado contrario
253 1494 1110 1559 a la vista en querer fundar, que para acusar la muer-
250 1554 1107 1603 te del marido, se han de preferir los hijos a la viuda, o
253 1599 1103 1650 alomenos concurrir con ella: y que de aqui infirio, que pues
252 1643 1100 1694 de los dos hijos que quedaron de Marco – Antonio de
251 1688 1098 1737 Caycedo el varon (que esta fuera del Reyno sirviendo a
242 1736 1097 1787 su
